<?xml version="1.0" encoding="UTF-8"?>
<!DOCTYPE html PUBLIC "-//W3C//DTD XHTML 1.0 Transitional//EN"
    "http://www.w3.org/TR/xhtml1/DTD/xhtml1-transitional.dtd">
<html xmlns="http://www.w3.org/1999/xhtml" xml:lang="en" lang="en">
 <head>
  <title>
</title>
<meta http-equiv="Content-Type" content="text/html;charset=utf-8" />
  <meta name='ocr-system' content='tesseract 3.04.00' />
  <meta name='ocr-capabilities' content='ocr_page ocr_carea ocr_par ocr_line ocrx_word'/>
</head>
<body>
  <div class='ocr_page' id='page_1' title='image "./commentariainli00scotgoog_0205.png"; bbox 0 0 2634 4267; ppageno 0'>
   <div class='ocr_carea' id='block_1_1' title="bbox 316 248 1033 332">
    <p class='ocr_par' dir='ltr' id='par_1_1' title="bbox 316 248 1033 332">
     <span class='ocr_line' id='line_1_1' title="bbox 316 248 1033 332; baseline 0.001 -20"><span class='ocrx_word' id='word_1_1' title='bbox 316 251 504 313; x_wconf 71' lang='lat' dir='ltr'>Drsmucu.</span> <span class='ocrx_word' id='word_1_2' title='bbox 528 250 591 313; x_wconf 90' lang='lat' dir='ltr'>VII</span> <span class='ocrx_word' id='word_1_3' title='bbox 615 248 762 332; x_wconf 78' lang='lat' dir='ltr'>QuAEsT.</span> <span class='ocrx_word' id='word_1_4' title='bbox 787 251 817 313; x_wconf 90' lang='lat'>11</span> <span class='ocrx_word' id='word_1_5' title='bbox 975 268 1033 331; x_wconf 84' lang='lat'>193</span> 
     </span>
    </p>
   </div>
   <div class='ocr_carea' id='block_1_2' title="bbox 100 455 1060 628">
    <p class='ocr_par' dir='ltr' id='par_1_2' title="bbox 100 455 1060 628">
     <span class='ocr_line' id='line_1_2' title="bbox 100 455 1060 541; baseline 0.002 -23"><span class='ocrx_word' id='word_1_6' title='bbox 100 467 143 519; x_wconf 86' lang='lat' dir='ltr'>est</span> <span class='ocrx_word' id='word_1_7' title='bbox 164 457 364 541; x_wconf 91' lang='lat' dir='ltr'>principium</span> <span class='ocrx_word' id='word_1_8' title='bbox 389 458 488 521; x_wconf 86' lang='lat' dir='ltr'>bonae</span> <span class='ocrx_word' id='word_1_9' title='bbox 511 456 684 531; x_wconf 88' lang='lat' dir='ltr'>volitionis,</span> <span class='ocrx_word' id='word_1_10' title='bbox 708 455 791 518; x_wconf 90' lang='lat' dir='ltr'>idest</span> <span class='ocrx_word' id='word_1_11' title='bbox 806 455 984 520; x_wconf 87' lang='lat' dir='ltr'>voluntatis</span> <span class='ocrx_word' id='word_1_12' title='bbox 1004 457 1060 520; x_wconf 78' lang='lat' dir='ltr'>bo</span> 
     </span>
     <span class='ocr_line' id='line_1_3' title="bbox 101 564 399 628; baseline 0.007 -4"><span class='ocrx_word' id='word_1_13' title='bbox 101 564 197 627; x_wconf 87' lang='lat' dir='ltr'>nitate</span> <span class='ocrx_word' id='word_1_14' title='bbox 221 565 399 628; x_wconf 87' lang='lat' dir='ltr'>meritoria.</span> 
     </span>
    </p>
   </div>
   <div class='ocr_carea' id='block_1_3' title="bbox 98 775 1087 2972">
    <p class='ocr_par' dir='ltr' id='par_1_3' title="bbox 98 775 1087 1925">
     <span class='ocr_line' id='line_1_4' title="bbox 159 775 1055 857; baseline -0.001 -18"><span class='ocrx_word' id='word_1_15' title='bbox 159 777 222 839; x_wconf 83' lang='lat' dir='ltr'>An</span> <span class='ocrx_word' id='word_1_16' title='bbox 240 790 384 841; x_wconf 70' lang='lat' dir='ltr'>namura</span> <span class='ocrx_word' id='word_1_17' title='bbox 401 790 619 839; x_wconf 65' lang='lat' dir='ltr'>nomenata</span> <span class='ocrx_word' id='word_1_18' title='bbox 636 775 753 837; x_wconf 87' lang='lat' dir='ltr'>dicitur</span> <span class='ocrx_word' id='word_1_19' title='bbox 766 795 833 837; x_wconf 88' lang='lat' dir='ltr'>uno</span> <span class='ocrx_word' id='word_1_20' title='bbox 849 775 949 838; x_wconf 89' lang='lat' dir='ltr'>modo</span> <span class='ocrx_word' id='word_1_21' title='bbox 965 776 1055 857; x_wconf 90' lang='lat' dir='ltr'>quod</span> 
     </span>
     <span class='ocr_line' id='line_1_5' title="bbox 98 882 1054 958; baseline 0.002 -16"><span class='ocrx_word' id='word_1_22' title='bbox 98 883 165 946; x_wconf 87' lang='lat' dir='ltr'>licet</span> <span class='ocrx_word' id='word_1_23' title='bbox 188 885 334 958; x_wconf 87' lang='lat' dir='ltr'>credant,</span> <span class='ocrx_word' id='word_1_24' title='bbox 358 884 418 945; x_wconf 89' lang='lat' dir='ltr'>iste</span> <span class='ocrx_word' id='word_1_25' title='bbox 439 892 551 945; x_wconf 90' lang='lat' dir='ltr'>tamen</span> <span class='ocrx_word' id='word_1_26' title='bbox 574 891 668 945; x_wconf 87' lang='lat' dir='ltr'>actus</span> <span class='ocrx_word' id='word_1_27' title='bbox 691 882 842 944; x_wconf 86' lang='lat' dir='ltr'>credendi</span> <span class='ocrx_word' id='word_1_28' title='bbox 866 883 898 944; x_wconf 92' lang='lat' dir='ltr'>in</span> <span class='ocrx_word' id='word_1_29' title='bbox 930 882 975 944; x_wconf 89' lang='lat' dir='ltr'>eis</span> <span class='ocrx_word' id='word_1_30' title='bbox 1005 891 1054 945; x_wconf 89' lang='lat' dir='ltr'>est</span> 
     </span>
     <span class='ocr_line' id='line_1_6' title="bbox 102 987 1057 1072; baseline 0.002 -23"><span class='ocrx_word' id='word_1_31' title='bbox 102 990 211 1066; x_wconf 88' lang='lat' dir='ltr'>malus,</span> <span class='ocrx_word' id='word_1_32' title='bbox 229 991 306 1072; x_wconf 89' lang='lat' dir='ltr'>quia</span> <span class='ocrx_word' id='word_1_33' title='bbox 318 990 457 1052; x_wconf 89' lang='lat' dir='ltr'>oderunt</span> <span class='ocrx_word' id='word_1_34' title='bbox 468 989 547 1051; x_wconf 91' lang='lat' dir='ltr'>illud</span> <span class='ocrx_word' id='word_1_35' title='bbox 560 989 718 1050; x_wconf 89' lang='lat' dir='ltr'>creditum</span> <span class='ocrx_word' id='word_1_36' title='bbox 733 987 829 1068; x_wconf 86' lang='lat' dir='ltr'>juxta</span> <span class='ocrx_word' id='word_1_37' title='bbox 844 988 923 1050; x_wconf 84' lang='lat' dir='ltr'>illud</span> <span class='ocrx_word' id='word_1_38' title='bbox 939 989 1057 1052; x_wconf 88' lang='lat' dir='ltr'>Psalm.</span> 
     </span>
     <span class='ocr_line' id='line_1_7' title="bbox 102 1095 1087 1178; baseline 0 -21"><span class='ocrx_word' id='word_1_39' title='bbox 102 1095 258 1178; x_wconf 81' lang='lat' dir='ltr'>Superbia</span> <span class='ocrx_word' id='word_1_40' title='bbox 280 1117 396 1159; x_wconf 91' lang='lat' dir='ltr'>eorum</span> <span class='ocrx_word' id='word_1_41' title='bbox 419 1096 475 1177; x_wconf 91' lang='lat' dir='ltr'>qui</span> <span class='ocrx_word' id='word_1_42' title='bbox 498 1104 530 1157; x_wconf 90' lang='lat' dir='ltr'>te</span> <span class='ocrx_word' id='word_1_43' title='bbox 553 1096 693 1158; x_wconf 90' lang='lat' dir='ltr'>oderunt</span> <span class='ocrx_word' id='word_1_44' title='bbox 716 1104 776 1157; x_wconf 90' lang='lat' dir='ltr'>etc.</span> <span class='ocrx_word' id='word_1_45' title='bbox 806 1095 913 1157; x_wconf 87' lang='lat' dir='ltr'>Aliter</span> <span class='ocrx_word' id='word_1_46' title='bbox 943 1095 1087 1174; x_wconf 37' lang='lat' dir='ltr'>dicitur·</span> 
     </span>
     <span class='ocr_line' id='line_1_8' title="bbox 101 1203 1057 1286; baseline 0.001 -22"><span class='ocrx_word' id='word_1_47' title='bbox 101 1204 187 1282; x_wconf 90' lang='lat' dir='ltr'>quod</span> <span class='ocrx_word' id='word_1_48' title='bbox 211 1203 362 1286; x_wconf 90' lang='lat' dir='ltr'>quamvis</span> <span class='ocrx_word' id='word_1_49' title='bbox 379 1203 510 1286; x_wconf 82' lang='lat' dir='ltr'>nonsit</span> <span class='ocrx_word' id='word_1_50' title='bbox 532 1211 625 1264; x_wconf 87' lang='lat' dir='ltr'>actus</span> <span class='ocrx_word' id='word_1_51' title='bbox 649 1203 764 1276; x_wconf 67' lang='lat' dir='ltr'>malus</span> <span class='ocrx_word' id='word_1_52' title='bbox 789 1223 854 1264; x_wconf 92' lang='lat' dir='ltr'>non</span> <span class='ocrx_word' id='word_1_53' title='bbox 878 1210 988 1264; x_wconf 87' lang='lat' dir='ltr'>tamen</span> <span class='ocrx_word' id='word_1_54' title='bbox 1008 1211 1057 1265; x_wconf 87' lang='lat' dir='ltr'>est</span> 
     </span>
     <span class='ocr_line' id='line_1_9' title="bbox 103 1305 1062 1390; baseline 0 -20"><span class='ocrx_word' id='word_1_55' title='bbox 103 1309 204 1372; x_wconf 92' lang='lat' dir='ltr'>bonus</span> <span class='ocrx_word' id='word_1_56' title='bbox 228 1310 417 1383; x_wconf 86' lang='lat' dir='ltr'>necessario,</span> <span class='ocrx_word' id='word_1_57' title='bbox 442 1309 519 1390; x_wconf 91' lang='lat' dir='ltr'>quia</span> <span class='ocrx_word' id='word_1_58' title='bbox 541 1309 623 1371; x_wconf 89' lang='lat' dir='ltr'>inter</span> <span class='ocrx_word' id='word_1_59' title='bbox 638 1309 734 1371; x_wconf 88' lang='lat' dir='ltr'>istam</span> <span class='ocrx_word' id='word_1_60' title='bbox 751 1309 930 1371; x_wconf 88' lang='lat' dir='ltr'>bonitatem</span> <span class='ocrx_word' id='word_1_61' title='bbox 947 1305 1062 1371; x_wconf 72' lang='lat' dir='ltr'>et‘ma·</span> 
     </span>
     <span class='ocr_line' id='line_1_10' title="bbox 104 1413 1060 1502; baseline 0.004 -28"><span class='ocrx_word' id='word_1_62' title='bbox 104 1413 200 1478; x_wconf 88' lang='lat' dir='ltr'>litiam</span> <span class='ocrx_word' id='word_1_63' title='bbox 226 1417 413 1498; x_wconf 91' lang='lat' dir='ltr'>oppositam</span> <span class='ocrx_word' id='word_1_64' title='bbox 437 1416 597 1498; x_wconf 85' lang='lat' dir='ltr'>contingit</span> <span class='ocrx_word' id='word_1_65' title='bbox 620 1415 765 1502; x_wconf 79' lang='lat' dir='ltr'>accipere</span> <span class='ocrx_word' id='word_1_66' title='bbox 799 1425 909 1478; x_wconf 91' lang='lat' dir='ltr'>actum</span> <span class='ocrx_word' id='word_1_67' title='bbox 940 1415 1060 1478; x_wconf 86' lang='lat' dir='ltr'>indiffe-</span> 
     </span>
     <span class='ocr_line' id='line_1_11' title="bbox 105 1522 1060 1604; baseline 0.003 -23"><span class='ocrx_word' id='word_1_68' title='bbox 105 1531 234 1585; x_wconf 80' lang='lat' dir='ltr'>rentem.</span> <span class='ocrx_word' id='word_1_69' title='bbox 258 1523 321 1586; x_wconf 89' lang='lat' dir='ltr'>Vel</span> <span class='ocrx_word' id='word_1_70' title='bbox 345 1531 452 1604; x_wconf 83' lang='lat' dir='ltr'>potest</span> <span class='ocrx_word' id='word_1_71' title='bbox 475 1523 538 1585; x_wconf 94' lang='lat' dir='ltr'>dici</span> <span class='ocrx_word' id='word_1_72' title='bbox 562 1522 677 1584; x_wconf 87' lang='lat' dir='ltr'>melius</span> <span class='ocrx_word' id='word_1_73' title='bbox 700 1523 789 1604; x_wconf 92' lang='lat' dir='ltr'>quod</span> <span class='ocrx_word' id='word_1_74' title='bbox 813 1523 865 1584; x_wconf 90' lang='lat' dir='ltr'>ille</span> <span class='ocrx_word' id='word_1_75' title='bbox 887 1532 979 1585; x_wconf 90' lang='lat' dir='ltr'>actus</span> <span class='ocrx_word' id='word_1_76' title='bbox 995 1543 1060 1585; x_wconf 93' lang='lat' dir='ltr'>non</span> 
     </span>
     <span class='ocr_line' id='line_1_12' title="bbox 105 1628 1061 1711; baseline 0.004 -23"><span class='ocrx_word' id='word_1_77' title='bbox 105 1639 149 1690; x_wconf 85' lang='lat' dir='ltr'>est</span> <span class='ocrx_word' id='word_1_78' title='bbox 171 1630 286 1704; x_wconf 72' lang='lat' dir='ltr'>bonus</span> <span class='ocrx_word' id='word_1_79' title='bbox 311 1630 388 1711; x_wconf 91' lang='lat' dir='ltr'>quia</span> <span class='ocrx_word' id='word_1_80' title='bbox 403 1651 469 1692; x_wconf 93' lang='lat' dir='ltr'>non</span> <span class='ocrx_word' id='word_1_81' title='bbox 492 1639 542 1692; x_wconf 87' lang='lat' dir='ltr'>est</span> <span class='ocrx_word' id='word_1_82' title='bbox 564 1639 697 1711; x_wconf 88' lang='lat' dir='ltr'>propter</span> <span class='ocrx_word' id='word_1_83' title='bbox 721 1629 812 1691; x_wconf 83' lang='lat' dir='ltr'>illum</span> <span class='ocrx_word' id='word_1_84' title='bbox 843 1628 942 1692; x_wconf 89' lang='lat' dir='ltr'>finem</span> <span class='ocrx_word' id='word_1_85' title='bbox 974 1630 1061 1692; x_wconf 90' lang='lat' dir='ltr'>unde</span> 
     </span>
     <span class='ocr_line' id='line_1_13' title="bbox 106 1733 1060 1818; baseline 0.004 -24"><span class='ocrx_word' id='word_1_86' title='bbox 106 1733 229 1799; x_wconf 85' lang='lat' dir='ltr'>bonitas</span> <span class='ocrx_word' id='word_1_87' title='bbox 252 1737 383 1798; x_wconf 88' lang='lat' dir='ltr'>moralis</span> <span class='ocrx_word' id='word_1_88' title='bbox 406 1736 553 1810; x_wconf 85' lang='lat' dir='ltr'>sumitur,</span> <span class='ocrx_word' id='word_1_89' title='bbox 579 1756 638 1798; x_wconf 91' lang='lat' dir='ltr'>nec</span> <span class='ocrx_word' id='word_1_90' title='bbox 663 1735 761 1798; x_wconf 87' lang='lat' dir='ltr'>habet</span> <span class='ocrx_word' id='word_1_91' title='bbox 773 1735 963 1810; x_wconf 86' lang='lat' dir='ltr'>bonitatem,</span> <span class='ocrx_word' id='word_1_92' title='bbox 985 1757 1060 1818; x_wconf 84' lang='lat' dir='ltr'>quae</span> 
     </span>
     <span class='ocr_line' id='line_1_14' title="bbox 107 1822 749 1925; baseline 0.003 -23"><span class='ocrx_word' id='word_1_93' title='bbox 107 1851 151 1903; x_wconf 87' lang='lat' dir='ltr'>est</span> <span class='ocrx_word' id='word_1_94' title='bbox 172 1844 365 1925; x_wconf 91' lang='lat' dir='ltr'>principium</span> <span class='ocrx_word' id='word_1_95' title='bbox 389 1843 543 1905; x_wconf 86' lang='lat' dir='ltr'>bonitatis</span> <span class='ocrx_word' id='word_1_96' title='bbox 566 1822 749 1904; x_wconf 81' lang='lat' dir='ltr'>meritoriae.</span> 
     </span>
    </p>

    <p class='ocr_par' dir='ltr' id='par_1_4' title="bbox 109 1950 1062 2228">
     <span class='ocr_line' id='line_1_15' title="bbox 169 1950 1059 2032; baseline -0.006 -14"><span class='ocrx_word' id='word_1_97' title='bbox 169 1951 227 2019; x_wconf 82' lang='lat' dir='ltr'>Ad</span> <span class='ocrx_word' id='word_1_98' title='bbox 243 1950 419 2013; x_wconf 84' lang='lat' dir='ltr'>secundum</span> <span class='ocrx_word' id='word_1_99' title='bbox 442 1951 516 2012; x_wconf 92' lang='lat' dir='ltr'>dico</span> <span class='ocrx_word' id='word_1_100' title='bbox 539 1950 629 2032; x_wconf 92' lang='lat' dir='ltr'>quod</span> <span class='ocrx_word' id='word_1_101' title='bbox 653 1970 719 2012; x_wconf 92' lang='lat' dir='ltr'>non</span> <span class='ocrx_word' id='word_1_102' title='bbox 743 1959 819 2012; x_wconf 92' lang='lat' dir='ltr'>sunt</span> <span class='ocrx_word' id='word_1_103' title='bbox 835 1970 970 2032; x_wconf 86' lang='lat' dir='ltr'>capaces</span> <span class='ocrx_word' id='word_1_104' title='bbox 998 1951 1059 2013; x_wconf 89' lang='lat' dir='ltr'>Dei</span> 
     </span>
     <span class='ocr_line' id='line_1_16' title="bbox 109 2057 1062 2140; baseline 0.002 -25"><span class='ocrx_word' id='word_1_105' title='bbox 109 2058 247 2132; x_wconf 89' lang='lat' dir='ltr'>potentia</span> <span class='ocrx_word' id='word_1_106' title='bbox 271 2058 457 2140; x_wconf 85' lang='lat' dir='ltr'>propinqua</span> <span class='ocrx_word' id='word_1_107' title='bbox 480 2058 537 2118; x_wconf 91' lang='lat' dir='ltr'>sed</span> <span class='ocrx_word' id='word_1_108' title='bbox 554 2065 691 2131; x_wconf 89' lang='lat' dir='ltr'>remota,</span> <span class='ocrx_word' id='word_1_109' title='bbox 727 2077 770 2119; x_wconf 87' lang='lat' dir='ltr'>ex</span> <span class='ocrx_word' id='word_1_110' title='bbox 793 2077 859 2138; x_wconf 86' lang='lat' dir='ltr'>qua</span> <span class='ocrx_word' id='word_1_111' title='bbox 883 2078 941 2120; x_wconf 88' lang='lat' dir='ltr'>nec</span> <span class='ocrx_word' id='word_1_112' title='bbox 965 2057 1062 2119; x_wconf 92' lang='lat' dir='ltr'>sumi-</span> 
     </span>
     <span class='ocr_line' id='line_1_17' title="bbox 110 2163 740 2228; baseline 0.013 -8"><span class='ocrx_word' id='word_1_113' title='bbox 110 2168 157 2222; x_wconf 89' lang='lat' dir='ltr'>tur</span> <span class='ocrx_word' id='word_1_114' title='bbox 178 2164 304 2227; x_wconf 88' lang='lat' dir='ltr'>bonitas</span> <span class='ocrx_word' id='word_1_115' title='bbox 328 2164 459 2226; x_wconf 89' lang='lat' dir='ltr'>moralis</span> <span class='ocrx_word' id='word_1_116' title='bbox 482 2184 542 2226; x_wconf 91' lang='lat' dir='ltr'>nec</span> <span class='ocrx_word' id='word_1_117' title='bbox 566 2163 740 2228; x_wconf 87' lang='lat' dir='ltr'>meritoria.</span> 
     </span>
    </p>

    <p class='ocr_par' dir='ltr' id='par_1_5' title="bbox 111 2261 1075 2972">
     <span class='ocr_line' id='line_1_18' title="bbox 170 2261 1062 2352; baseline 0.001 -21"><span class='ocrx_word' id='word_1_118' title='bbox 170 2270 226 2332; x_wconf 87' lang='lat' dir='ltr'>Ad</span> <span class='ocrx_word' id='word_1_119' title='bbox 245 2271 400 2333; x_wconf 83' lang='lat' dir='ltr'>ultimum</span> <span class='ocrx_word' id='word_1_120' title='bbox 423 2271 496 2332; x_wconf 92' lang='lat' dir='ltr'>dico</span> <span class='ocrx_word' id='word_1_121' title='bbox 519 2270 610 2352; x_wconf 92' lang='lat' dir='ltr'>quod</span> <span class='ocrx_word' id='word_1_122' title='bbox 640 2280 875 2352; x_wconf 82' lang='lat' dir='ltr'>argumentum</span> <span class='ocrx_word' id='word_1_123' title='bbox 907 2261 989 2333; x_wconf 78' lang='lat' dir='ltr'>es&#39;set</span> <span class='ocrx_word' id='word_1_124' title='bbox 1019 2269 1062 2332; x_wconf 86' lang='lat' dir='ltr'>ef-</span> 
     </span>
     <span class='ocr_line' id='line_1_19' title="bbox 111 2369 1075 2460; baseline 0.006 -27"><span class='ocrx_word' id='word_1_125' title='bbox 111 2369 189 2438; x_wconf 86' lang='lat' dir='ltr'>ficax</span> <span class='ocrx_word' id='word_1_126' title='bbox 211 2377 235 2439; x_wconf 89' lang='lat' dir='ltr'>si</span> <span class='ocrx_word' id='word_1_127' title='bbox 258 2386 434 2460; x_wconf 88' lang='lat' dir='ltr'>poneretur</span> <span class='ocrx_word' id='word_1_128' title='bbox 457 2377 547 2458; x_wconf 92' lang='lat' dir='ltr'>quod</span> <span class='ocrx_word' id='word_1_129' title='bbox 571 2377 751 2439; x_wconf 87' lang='lat' dir='ltr'>intellectus</span> <span class='ocrx_word' id='word_1_130' title='bbox 776 2386 859 2439; x_wconf 88' lang='lat' dir='ltr'>esset</span> <span class='ocrx_word' id='word_1_131' title='bbox 883 2386 991 2440; x_wconf 89' lang='lat' dir='ltr'>motor</span> <span class='ocrx_word' id='word_1_132' title='bbox 1007 2398 1075 2459; x_wconf 83' lang='grc' dir='ltr'>νο-Ι</span> 
     </span>
     <span class='ocr_line' id='line_1_20' title="bbox 112 2476 1059 2565; baseline 0.008 -28"><span class='ocrx_word' id='word_1_133' title='bbox 112 2476 235 2546; x_wconf 89' lang='lat' dir='ltr'>luntatis</span> <span class='ocrx_word' id='word_1_134' title='bbox 257 2484 340 2547; x_wconf 90' lang='lat' dir='ltr'>sicut</span> <span class='ocrx_word' id='word_1_135' title='bbox 363 2483 472 2565; x_wconf 86' lang='lat' dir='ltr'>posuit</span> <span class='ocrx_word' id='word_1_136' title='bbox 503 2484 608 2564; x_wconf 88' lang='lat' dir='ltr'>prima</span> <span class='ocrx_word' id='word_1_137' title='bbox 641 2484 761 2565; x_wconf 91' lang='lat' dir='ltr'>opinio.</span> <span class='ocrx_word' id='word_1_138' title='bbox 788 2483 852 2548; x_wconf 91' lang='lat' dir='ltr'>Sed</span> <span class='ocrx_word' id='word_1_139' title='bbox 884 2484 946 2546; x_wconf 93' lang='lat' dir='ltr'>hoc</span> <span class='ocrx_word' id='word_1_140' title='bbox 970 2505 1059 2565; x_wconf 77' lang='lat' dir='ltr'>nego,</span> 
     </span>
     <span class='ocr_line' id='line_1_21' title="bbox 112 2589 1060 2672; baseline 0.005 -26"><span class='ocrx_word' id='word_1_141' title='bbox 112 2594 141 2646; x_wconf 88' lang='lat' dir='ltr'>et</span> <span class='ocrx_word' id='word_1_142' title='bbox 160 2590 230 2652; x_wconf 89' lang='lat' dir='ltr'>dico</span> <span class='ocrx_word' id='word_1_143' title='bbox 244 2592 294 2662; x_wconf 58' lang='lat' dir='ltr'>‚ad</span> <span class='ocrx_word' id='word_1_144' title='bbox 318 2589 561 2652; x_wconf 89' lang='lat' dir='ltr'>similitudinem</span> <span class='ocrx_word' id='word_1_145' title='bbox 586 2592 677 2671; x_wconf 93' lang='lat' dir='ltr'>quod</span> <span class='ocrx_word' id='word_1_146' title='bbox 701 2612 767 2652; x_wconf 90' lang='lat' dir='ltr'>non</span> <span class='ocrx_word' id='word_1_147' title='bbox 795 2600 843 2652; x_wconf 89' lang='lat' dir='ltr'>est</span> <span class='ocrx_word' id='word_1_148' title='bbox 873 2591 1060 2672; x_wconf 87' lang='lat' dir='ltr'>simpliciter</span> 
     </span>
     <span class='ocr_line' id='line_1_22' title="bbox 112 2695 1063 2784; baseline 0.005 -31"><span class='ocrx_word' id='word_1_149' title='bbox 112 2712 189 2770; x_wconf 86' lang='lat' dir='ltr'>vera,</span> <span class='ocrx_word' id='word_1_150' title='bbox 211 2698 267 2759; x_wconf 90' lang='lat' dir='ltr'>sed</span> <span class='ocrx_word' id='word_1_151' title='bbox 290 2695 479 2778; x_wconf 88' lang='lat' dir='ltr'>aliqualiter,</span> <span class='ocrx_word' id='word_1_152' title='bbox 503 2697 586 2759; x_wconf 85' lang='lat' dir='ltr'>sicut</span> <span class='ocrx_word' id='word_1_153' title='bbox 609 2697 734 2784; x_wconf 89' lang='lat' dir='ltr'>dicetur</span> <span class='ocrx_word' id='word_1_154' title='bbox 751 2696 841 2772; x_wconf 87' lang='lat' dir='ltr'>infra,</span> <span class='ocrx_word' id='word_1_155' title='bbox 867 2698 954 2759; x_wconf 89' lang='lat' dir='ltr'>unde</span> <span class='ocrx_word' id='word_1_156' title='bbox 974 2697 1063 2759; x_wconf 90' lang='lat' dir='ltr'>intel-</span> 
     </span>
     <span class='ocr_line' id='line_1_23' title="bbox 114 2797 1062 2885; baseline 0.004 -23"><span class='ocrx_word' id='word_1_157' title='bbox 114 2797 206 2864; x_wconf 86' lang='lat' dir='ltr'>lectus</span> <span class='ocrx_word' id='word_1_158' title='bbox 227 2812 373 2884; x_wconf 83' lang='lat' dir='ltr'>respectu</span> <span class='ocrx_word' id='word_1_159' title='bbox 398 2803 464 2865; x_wconf 91' lang='lat' dir='ltr'>veri</span> <span class='ocrx_word' id='word_1_160' title='bbox 486 2812 536 2865; x_wconf 88' lang='lat' dir='ltr'>est</span> <span class='ocrx_word' id='word_1_161' title='bbox 559 2804 706 2885; x_wconf 87' lang='lat' dir='ltr'>potentia</span> <span class='ocrx_word' id='word_1_162' title='bbox 729 2804 894 2877; x_wconf 74' lang='lat' dir='ltr'>naturalis</span> <span class='ocrx_word' id='word_1_163' title='bbox 911 2805 1062 2866; x_wconf 85' lang='lat' dir='ltr'>voluntas</span> 
     </span>
     <span class='ocr_line' id='line_1_24' title="bbox 113 2910 416 2972; baseline 0.023 -8"><span class='ocrx_word' id='word_1_164' title='bbox 113 2916 213 2970; x_wconf 86' lang='lat' dir='ltr'>autem</span> <span class='ocrx_word' id='word_1_165' title='bbox 235 2919 284 2972; x_wconf 87' lang='lat' dir='ltr'>est</span> <span class='ocrx_word' id='word_1_166' title='bbox 307 2910 416 2972; x_wconf 87' lang='lat' dir='ltr'>libera.</span> 
     </span>
    </p>
   </div>
   <div class='ocr_carea' id='block_1_4' title="bbox 460 3123 701 3205">
    <p class='ocr_par' dir='ltr' id='par_1_6' title="bbox 460 3123 701 3205">
     <span class='ocr_line' id='line_1_25' title="bbox 460 3123 701 3205; baseline 0 -20"><span class='ocrx_word' id='word_1_167' title='bbox 460 3123 637 3205; x_wconf 72' lang='lat' dir='ltr'>Quasmo</span> <span class='ocrx_word' id='word_1_168' title='bbox 662 3125 701 3186; x_wconf 90' lang='lat' dir='ltr'>H.</span> 
     </span>
    </p>
   </div>
   <div class='ocr_carea' id='block_1_5' title="bbox 197 3281 975 3509">
    <p class='ocr_par' dir='ltr' id='par_1_7' title="bbox 197 3281 975 3509">
     <span class='ocr_line' id='line_1_26' title="bbox 197 3281 975 3366; baseline 0.005 -22"><span class='ocrx_word' id='word_1_169' title='bbox 197 3281 365 3358; x_wconf 81' lang='lat' dir='ltr'>Quantum</span> <span class='ocrx_word' id='word_1_170' title='bbox 388 3284 436 3345; x_wconf 86' lang='lat' dir='ltr'>ad</span> <span class='ocrx_word' id='word_1_171' title='bbox 466 3284 639 3346; x_wconf 84' lang='lat' dir='ltr'>secundam</span> <span class='ocrx_word' id='word_1_172' title='bbox 663 3284 836 3346; x_wconf 78' lang='lat' dir='ltr'>materiam</span> <span class='ocrx_word' id='word_1_173' title='bbox 868 3306 975 3366; x_wconf 73' lang='lat' dir='ltr'>qurero</span> 
     </span>
     <span class='ocr_line' id='line_1_27' title="bbox 209 3439 956 3509; baseline -0.001 -12"><span class='ocrx_word' id='word_1_174' title='bbox 209 3441 317 3497; x_wconf 86' lang='lat' dir='ltr'>Utrum</span> <span class='ocrx_word' id='word_1_175' title='bbox 335 3439 437 3508; x_wconf 73' lang='lat' dir='ltr'>Augen</span> <span class='ocrx_word' id='word_1_176' title='bbox 455 3442 562 3509; x_wconf 79' lang='lat' dir='ltr'>possint</span> <span class='ocrx_word' id='word_1_177' title='bbox 580 3441 713 3497; x_wconf 78' lang='lat' dir='ltr'>inducere</span> <span class='ocrx_word' id='word_1_178' title='bbox 737 3457 817 3497; x_wconf 82' lang='lat' dir='ltr'>veras</span> <span class='ocrx_word' id='word_1_179' title='bbox 842 3443 956 3498; x_wconf 84' lang='lat' dir='ltr'>formas.</span> 
     </span>
    </p>
   </div>
   <div class='ocr_carea' id='block_1_6' title="bbox 170 3548 1058 3731">
    <p class='ocr_par' dir='ltr' id='par_1_8' title="bbox 170 3548 1058 3731">
     <span class='ocr_line' id='line_1_28' title="bbox 170 3548 1058 3668; baseline 0 -20"><span class='ocrx_word' id='word_1_180' title='bbox 170 3586 311 3648; x_wconf 86' lang='lat' dir='ltr'>Videtur</span> <span class='ocrx_word' id='word_1_181' title='bbox 334 3586 424 3666; x_wconf 90' lang='lat' dir='ltr'>quod</span> <span class='ocrx_word' id='word_1_182' title='bbox 439 3585 493 3660; x_wconf 87' lang='lat' dir='ltr'>sic,</span> <span class='ocrx_word' id='word_1_183' title='bbox 518 3607 575 3668; x_wconf 87' lang='lat' dir='ltr'>per</span> <span class='ocrx_word' id='word_1_184' title='bbox 592 3596 759 3649; x_wconf 88' lang='lat' dir='ltr'>auctorem</span> <span class='ocrx_word' id='word_1_185' title='bbox 783 3548 854 3649; x_wconf 66' lang='lat' dir='ltr'>[ib.</span> <span class='ocrx_word' id='word_1_186' title='bbox 879 3587 918 3648; x_wconf 85' lang='lat' dir='ltr'>de</span> <span class='ocrx_word' id='word_1_187' title='bbox 940 3587 1058 3658; x_wconf 77' lang='lat' dir='ltr'>causis,</span> 
     </span>
     <span class='ocr_line' id='line_1_29' title="bbox 958 3691 984 3731; baseline 0 0"><span class='ocrx_word' id='word_1_188' title='bbox 958 3691 984 3731; x_wconf 81' lang='lat'>13</span> 
     </span>
    </p>
   </div>
   <div class='ocr_carea' id='block_1_7' title="bbox 0 0 1352 4267">
    <p class='ocr_par' dir='ltr' id='par_1_9' title="bbox 0 0 1352 4267">
     <span class='ocr_line' id='line_1_30' title="bbox 0 0 1352 4267; baseline 0 0"><span class='ocrx_word' id='word_1_189' title='bbox 0 0 1352 4267; x_wconf 95' lang='lat' dir='ltr'> </span> 
     </span>
    </p>
   </div>
  </div>
 </body>
</html>
