2634 4267
299 264 486 327 Drsnncr.
510 262 625 326 XXIX
650 261 836 344 Quam
907 228 913 245 ⁹
1006 264 1069 343 367
1126 294 1128 299 ·

102 466 242 532 fuIsset
266 466 427 549 perfectus
449 467 482 529 in
505 467 623 542 anima,
642 467 711 549 nisi
747 467 911 532 habuisset
934 466 1091 550 gratiam;

102 594 218 657 erg0.
243 610 288 621 —-
316 571 539 657 Confirmatur
559 595 617 656 per
640 573 836 656 Gregorium
860 574 892 637 in
916 575 1092 638 Humilia:

108 680 242 747 Homo
267 681 401 762 quidam
425 681 590 745 deseendit
613 682 654 743 ab
679 681 881 744 Hierusalem
906 681 938 744 in
952 681 1090 762 Jerich0‚

105 788 181 873 qui
208 787 289 851 dicit
311 788 402 869 quod
425 787 526 851 horno
551 788 610 850 iste
632 786 691 851 suit
716 808 818 870 genus
853 787 1035 851 humanum
1059 789 1091 852 in

112 895 225 959 donis
248 893 397 976 gratuitis
422 894 635 976 expoliatum.
855 892 856 897 ’

194 1002 440 1065 RESPONDEO:
466 1000 518 1063 hic
541 1008 617 1063 sunt
640 1009 782 1081 quatuor
799 1000 949 1063 videnda.
977 1001 1092 1065 Primo

107 1107 145 1172 si
172 1107 293 1169 Adam
317 1108 349 1169 in
377 1116 462 1169 statu
497 1106 691 1170 innocentiae
726 1106 841 1176 habuit
862 1107 1008 1191 gratiam.
1039 1108 1092 1171 Se-

107 1215 232 1277 cundo
248 1215 273 1276 si
289 1214 403 1276 habuit
416 1214 575 1294 justitiam
590 1214 792 1296 originalem.
812 1214 916 1277 Tertio
931 1215 956 1276 si
978 1214 1091 1278 habuit

113 1321 263 1385 virtutes
286 1321 432 1383 morales.
462 1320 585 1398 Quarto
608 1321 777 1403 quomodo
805 1342 839 1385 se
866 1321 964 1384 habet
987 1323 1090 1404 gratia

111 1428 166 1491 ad
193 1427 341 1509 gloriam.

202 1640 426 1726 Quantum
463 1643 528 1708 ad
549 1642 754 1724 primum
791 1642 863 1704 dico
898 1642 988 1723 quod
1023 1662 1089 1705 non

117 1748 189 1811 suit
211 1757 339 1811 creatus
362 1748 394 1809 in
418 1748 531 1830 gratia,
555 1757 666 1811 tamen
691 1748 804 1811 habuit
826 1769 899 1810 eam
926 1757 1001 1810 ante
1025 1749 1090 1830 lap-

113 1876 200 1919 sum
225 1876 282 1936 per
306 1856 369 1917 hoc
392 1855 483 1937 quod
507 1853 594 1916 stetit
627 1855 670 1916 ad
704 1863 845 1937 tempus
882 1854 984 1935 Cujus
1007 1855 1089 1918 ratio

120 1971 185 2036 est,
210 1962 286 2043 quia
309 1962 342 2023 in
365 1961 415 2023 his
437 1982 513 2042 quae
536 1970 612 2023 sunt
644 1961 827 2044 propinqua
861 1960 934 2023 fidei
958 1971 991 2024 et
1013 1956 1093 2023 sunt

119 2069 168 2131 de
191 2066 288 2140 factu,
312 2076 361 2130 est
383 2068 524 2130 tenenda
546 2068 705 2129 sententia
728 2077 914 2130 sanctorum
939 2089 1016 2130 cum
1041 2068 1087 2130 lo-

116 2183 268 2256 quantur
304 2159 443 2255 Spiritus
478 2173 588 2238 Sancti
622 2173 839 2255 inspiratione.
876 2174 941 2237 Sed
977 2174 1087 2237 Sancti

116 2281 343 2344 determinant
381 2281 468 2342 illam
507 2281 747 2343 conclusionem
787 2282 1011 2362 praemissatn,
1052 2291 1088 2343 ut

119 2397 217 2469 patet
240 2409 297 2469 per
321 2387 548 2469 Augustinum
572 2387 608 2450 in
631 2387 707 2450 dztt.
727 2388 863 2469 praeced.

198 2601 425 2687 Quantum
463 2603 528 2667 ad
556 2603 797 2667 secundum
822 2602 896 2663 dico
919 2601 1009 2683 quod
1033 2601 1087 2663 ha-

119 2708 196 2771 buit
217 2708 375 2789 justitiam
410 2708 599 2790 originalem
634 2717 744 2770 tamen
779 2708 991 2789 postmodum
1027 2706 1087 2769 fuit

117 2834 161 2877 ea
197 2814 381 2895 expoliatus
415 2823 447 2876 et
479 2816 633 2896 privatus.
669 2850 713 2861 -
748 2814 813 2877 Sed
848 2814 985 2876 diceres:
1011 2802 1086 2895 quae

117 2930 194 2983 erat
217 2921 277 2982 ista
297 2920 446 3002 justitia?
482 2921 566 2983 Dico
602 2921 693 3003 quod
724 2919 783 2982 fuit
818 2921 970 3002 quaedam
999 2920 1087 2983 habi-

117 3027 219 3113 ·tualig
242 3028 380 3109 qualitas
402 3047 477 3109 quae
501 3048 521 3088 a
543 3027 612 3090 solo
637 3028 710 3089 Deo
742 3027 880 3089 dabatur
903 3036 934 3089 et
958 3046 1088 3089 conser-

120 3134 272 3208 vabatur,
296 3155 354 3215 per
380 3154 480 3216 quam
515 3134 679 3215 appetitus
712 3134 881 3195 sensitivus
916 3154 982 3195 non
1006 3154 1087 3215 prae-

121 3241 274 3304 veniebat
297 3240 455 3304 rationem
480 3262 538 3303 nec
559 3240 777 3302 reluctabatur
792 3249 905 3303 contra
922 3240 1085 3302 dictamen

121 3356 220 3410 teetae
244 3347 385 3411 rationis.
409 3382 453 3394 —
489 3346 553 3411 Sed
588 3347 727 3410 diceres:
756 3347 812 3409 ubi
845 3355 914 3408 erat
948 3332 1085 3427 qualitas

119 3452 206 3517 ista?
230 3454 315 3518 Sunt
337 3452 424 3516 enim
447 3454 515 3516 duo
536 3453 625 3515 modi
648 3453 785 3515 dicendi.
804 3452 948 3535 Quidam
973 3453 1085 3515 dicunt

118 3561 212 3643 quod
235 3561 271 3641 in
292 3561 473 3644 voluntate;
499 3579 575 3622 narn
598 3560 750 3623 voluntas
783 3568 951 3640 acceperat
986 3560 1083 3623 istum

119 3666 272 3732 habitum
296 3676 405 3747 ut.per
424 3666 533 3749 ipsum
549 3664 740 3749 subjugaret
755 3666 815 3730 sibi
831 3666 1084 3730 sensualitatem.
1173 3692 1184 3713 ·
