2634 4267
244 228 309 302 408
506 226 581 289 Lrss.
606 226 635 287 ΙΙ
661 226 960 288 Seurcurruuurr

225 340 468 351 ...w-..—

221 430 380 511 probatur
404 431 521 493 ibidem
546 430 607 493 sic:
633 430 764 493 fortuna
788 440 836 492 est
861 432 894 493 in
918 431 968 492 his
994 448 1074 509 quae
1090 431 1188 506 agunt

219 535 399 599 voluntarie
422 546 454 599 et
477 558 533 617 per
557 538 766 616 electionem3
790 538 847 599 sed
883 538 1016 599 nullum
1042 533 1186 595 inanina-

220 652 292 706 tum
317 664 375 705 nec
399 664 480 725 puer
503 664 561 705 nec
584 644 687 706 bestia
698 644 767 725 agit
778 664 836 725 per
849 645 1048 707 eiectionem
1074 640 1192 701 velvo·

222 750 377 825 tuntarie;
402 770 491 831 erg0.

288 853 458 941 Septima
498 852 695 923 Conclusio
718 865 750 919 et
774 857 892 919 ultima
926 855 1101 938 estquod
1131 850 1195 914 ior-

220 972 301 1025 tuna
325 964 488 1025 reducitur
511 964 552 1025 ad
570 984 673 1045 genus
697 985 803 1025 causae
823 966 992 1026 moventis.
1019 964 1101 1025 Hoc
1124 978 1193 1039 pre

220 1070 316 1131 batur
341 1092 359 1131 a
383 1070 636 1151 Philosoph02
660 1069 762 1150 Pleys.
786 1071 896 1133 circa
892 1069 1005 1133 finem
1031 1074 1194 1130 tractatus

222 1178 263 1238 dc
287 1176 463 1240 fortuna'
440 1197 501 1239 sic:
527 1177 667 1251 fortuna,
692 1178 742 1238 vel
773 1187 823 1240 est
845 1199 943 1240 causa
974 1197 1092 1239 eorum
1118 1191 1192 1253 quae

223 1293 342 1346 sunta
367 1293 492 1357 natura,
528 1284 579 1345 vel
602 1285 645 1346 ab
680 1285 861 1363 intellectu3
886 1286 943 1347 sed
976 1294 1044 1347 tam
1071 1289 1190 1343 natura

219 1412 319 1471 quam
344 1391 595 1453 intellectust
547 1399 595 1452 est
611 1412 709 1453 causa
734 1400 769 1452 ut
786 1392 872 1453 unde
895 1392 1095 1474 principium
1122 1405 1190 1447 md

226 1506 295 1559 tus
288 1516 448 1579 ‚.erg0

294 1711 518 1796 (intantum
543 1714 608 1777 ud
627 1712 806 1777 tertium
830 1711 1078 1776 Artzoulum
1106 1725 1182 1770 cum

217 1819 384 1898 quaeritur,
410 1828 520 1880 utrum
545 1819 679 1881 effectus
692 1818 814 1882 fortuiti
838 1819 1032 1881 reducantur
1054 1818 1095 1879 ad
1109 1832 1183 1876 cau·

218 1946 288 1986 sam
314 1946 370 2006 per
395 1946 436 1998 se,
462 1934 518 1986 aut
541 1926 659 2006 quaerit
662 1948 699 1987 ur
722 1926 763 1987 de
786 1946 883 1987 causa
906 1933 1023 1997 creata
1053 1932 1108 1985 aut
1133 1918 1178 1980 di-

217 2033 303 2094 vina
330 2032 363 2095 Si
387 2034 427 2093 de
450 2053 548 2094 cansa
572 2033 702 2104 divina,
719 2032 835 2094 dicitur
859 2033 950 2115 quod
974 2032 1101 2093 effectus
1117 2027 1178 2089 for-

216 2139 289 2200 tuiti
314 2140 511 2201 reducantur
535 2139 576 2200 ad
601 2160 733 2200 causam
758 2159 815 2219 per
839 2159 873 2199 se
897 2147 932 2200 ut
919 2139 997 2200 tad
1022 2140 1126 2200 Deum
1149 2131 1175 2193 si

217 2246 323 2326 placet
347 2247 481 2326 placeat
506 2254 618 2307 tamen
643 2245 835 2307 Aristoteles
850 2245 978 2306 videtur
1002 2245 1103 2305 dicere
1118 2261 1173 2322 ou

216 2351 359 2433 positum
378 2352 487 2432 primo
511 2352 592 2413 idest
615 2352 757 2415 debona
773 2353 924 2433 fortuna,
950 2350 1040 2423 forte,
1065 2348 1171 2430 inquit,

215 2457 345 2519 fortuna
368 2468 416 2520 est
440 2459 592 2539 quaedam
618 2479 716 2520 causa
740 2457 801 2519 Dei
823 2457 895 2531 hoc,
921 2458 1033 2538 utique
1055 2476 1115 2517 non
1129 2454 1171 2514 vi·

217 2567 310 2626 detur
336 2566 444 2626 Deum
469 2566 555 2626 enirn
580 2564 809 2646 dignificamus
837 2564 1010 2626 dominum
1043 2563 1171 2625 existen-

216 2680 282 2733 tem
307 2671 430 2744 talium,
456 2680 491 2733 ut
504 2672 610 2753 dignis
634 2671 756 2733 tribuat
779 2679 811 2732 et
823 2670 911 2731 bona
934 2679 967 2732 et
991 2670 1084 2731 mala.
1101 2668 1171 2729 For-

216 2787 296 2838 tuna
320 2798 385 2839 non
410 2778 463 2851 sic,
488 2786 520 2839 et
544 2778 588 2838 ita
623 2799 683 2839 nec
707 2798 804 2838 causa
827 2798 903 2857 quae
927 2785 975 2837 est
998 2798 1018 2837 a
1042 2776 1111 2837 Deo
1131 2772 1172 2835 vi·

215 2885 319 2956 detur,
344 2904 411 2945 esse
436 2883 565 2945 fortuna
586 2904 625 2944 eo
650 2883 740 2964 quod
753 2883 862 2963 pravis
874 2882 1020 2959 eveniat3
1045 2902 1109 2943 non
1124 2900 1172 2941 au-

215 3000 281 3051 tem
306 2990 475 3052 verisimile
498 3000 546 3052 est
570 2992 680 3051 Deum
705 3010 882 3070 pravorum
914 3009 1026 3050 curam
1051 2988 1172 3050 habere.

215 3096 249 3159 Si
273 3105 382 3158 autem
407 3106 572 3177 quaeratur
595 3096 637 3157 de
659 3117 760 3157 causa
783 3105 893 3157 creata
923 3095 998 3157 dico
1022 3095 1111 3175 quod
1133 3092 1173 3155 es-

215 3201 317 3264 fectus
333 3201 454 3266 fortuiti
479 3224 544 3265 non
563 3203 758 3265 reducantur
782 3202 814 3263 in
827 3222 960 3263 causam
985 3222 1089 3283 perse
1104 3200 1174 3283 quia

215 3330 322 3370 causae
334 3330 448 3370 eorum
473 3319 547 3372 sunt
560 3330 653 3372 casus
677 3318 709 3371 et
733 3308 862 3370 fortuna
879 3329 955 3389 quae
979 3317 1056 3370 sunt
1072 3328 1173 3371 causae

213 3436 270 3496 per
294 3416 443 3477 accidens
473 3438 515 3477 ex
538 3436 568 3478 2.
593 3415 696 3496 Puys.
733 3436 799 3477 non
824 3415 919 3495 quod
946 3415 981 3495 ly
1004 3436 1062 3496 per
1096 3414 1173 3476 acci-

212 3522 292 3583 dens
316 3530 404 3583 tenet
429 3543 462 3583 se
486 3543 528 3583 ex
553 3530 644 3603 parte
676 3542 784 3583 causae
808 3542 847 3582 eo
871 3521 972 3582 modo
1003 3541 1071 3601 quo
1095 3520 1172 3582 Poli-

211 3628 312 3687 cletus
335 3636 382 3688 θεῖ
417 3648 513 3688 causa
548 3636 665 3689 statuae
700 3648 757 3707 per
788 3626 946 3700 accidenS,
983 3628 1041 3689 sed
1065 3628 1100 3707 ly
1117 3637 1173 3708 per
