2634 4267
290 270 351 331 124
530 252 605 315 Lu.
631 252 662 315 Il
686 251 978 315 Snnrrsnmnnnu

262 458 341 541 gelis
364 478 430 520 non
453 466 502 520 est
532 457 714 539 quantitas;
745 478 836 540 ergo.
863 484 903 514 =
929 456 1155 522 Confirmatur
1180 457 1231 518 illa
1295 485 1296 540 j

260 565 426 628 conclusio
442 585 497 650 per
514 564 672 626 rationem
690 564 842 628 Richard.
860 583 891 648 4.
908 566 947 628 de
971 566 1001 627 T
995 565 1061 626 rin.
1089 565 1153 626 sic:
1173 585 1228 646 ρο-
1295 553 1296 570 ²

261 673 328 734 sitis
358 671 513 734 extremis
543 680 673 753 oportet
704 692 825 752 ponere
862 672 1025 747 medium;
1058 672 1117 733 sed
1155 681 1229 733 sunt

261 779 370 860 plures
404 798 551 859 personae
583 778 616 839 in
648 798 713 839 una
737 787 853 840 natura
884 778 965 840 sicut
996 777 1028 839 in
1060 778 1228 851 Trinitate,

260 894 294 948 et
324 884 432 966 plures
455 892 581 946 naturae
613 884 645 946 in
670 904 735 945 una
759 905 897 966 persona
921 884 971 946 vel
997 885 1172 966 supposito
1196 885 1230 946 si-

260 999 317 1054 cut
340 991 372 1052 in
397 989 548 1066 homine;
572 1011 653 1072 ergo
684 1000 733 1052 est
756 992 833 1053 dare
861 991 1004 1053 medium
1030 992 1062 1052 in
1086 1013 1156 1072 quo
1184 1002 1230 1054 est
1295 1013 1296 1078 l

261 1118 326 1159 una
349 1117 487 1178 persona
510 1097 542 1157 in
567 1118 632 1159 una
648 1107 772 1171 natura,
797 1107 830 1159 et
853 1097 916 1160 hoc
928 1106 976 1160 est
1000 1098 1148 1179 angelus.
1166 1097 1229 1161 Sed

261 1224 360 1266 omne
384 1203 447 1264 tale
470 1223 528 1284 per
551 1223 585 1265 se
618 1203 827 1286 distinguitur
861 1204 904 1265 ab
927 1203 1017 1266 omni
1042 1204 1124 1279 alio;
1151 1225 1228 1286 ergo
1294 1181 1296 1202 ¹

262 1309 484 1391 unusquisque
515 1310 651 1391 angelus
675 1331 731 1391 per
766 1331 799 1372 se
823 1310 1032 1392 distinguitur
1056 1311 1166 1392 specie
1189 1311 1228 1372 ab

261 1417 350 1478 omni
374 1415 446 1478 alio.

329 1522 397 1584 Sed
417 1520 484 1585 lraec
507 1522 614 1603 opinio
637 1523 781 1585 continet
792 1523 901 1604 aliqua
925 1522 1013 1596 falsa,
1040 1532 1077 1584 ut
1103 1523 1227 1604 patebit

260 1630 293 1690 in
317 1629 410 1692 tertia
434 1629 596 1710 opinione,
621 1649 681 1690 nec
705 1630 844 1692 rationes
868 1630 1080 1691 concludunt.
1107 1631 1227 1693 Prima

262 1756 337 1809 non,
362 1735 439 1817 quia
461 1735 579 1817 accipit
603 1736 759 1797 minorem
793 1736 927 1798 dubiam
953 1736 1063 1799 multis
1087 1738 1145 1818 qui
1172 1757 1227 1819 po·

261 1852 343 1905 nunt
366 1843 399 1903 in
423 1842 546 1924 angelis
570 1843 748 1904 materiam.
782 1843 897 1926 Major
918 1843 1015 1905 etiam
1039 1843 1227 1924 simpliciter

260 1958 309 2010 est
332 1948 420 2022 falsa,
445 1958 482 2010 ut
512 1949 688 2030 probatum
711 1950 815 2011 estin
844 1947 963 2024 Quaest.
982 1960 1081 2030 proc.
1106 1961 1171 2013 art.
1195 1969 1225 2033 4.

260 2092 304 2104 —
328 2055 480 2119 Similiter
503 2057 644 2118 secunda
676 2056 761 2118 ratio
785 2076 850 2117 non
875 2056 1050 2129 concludit,
1077 2057 1155 2138 quia
1172 2056 1226 2118 ha-

260 2162 316 2225 bet
351 2163 505 2245 majorem
541 2161 665 2236 falsam,
691 2171 727 2224 ut
759 2171 848 2244 patet
871 2184 913 2224 ex
932 2181 966 2242 j.
1002 2173 1065 2224 art.
1086 2164 1224 2244 proeced.

265 2267 383 2343 Qucest.
408 2305 453 2317 —
476 2269 534 2332 Ad
558 2269 716 2331 rati-onem
739 2268 890 2331 Richard.
908 2269 1004 2331 solvit
1026 2270 1134 2332 Varro
1151 2270 1226 2351 quia

261 2375 443 2437 Richardus
467 2396 532 2437 non
566 2375 639 2457 plus
663 2375 800 2438 intendit
835 2375 1029 2438 concludere
1052 2376 1111 2438 nisi
1136 2376 1225 2457 quod

260 2483 395 2564 angelus
418 2483 459 2544 sit
494 2490 623 2544 tantum
648 2503 713 2544 una
748 2491 873 2557 natura,
898 2482 942 2545 ita
976 2483 1067 2564 quod
1091 2483 1225 2564 quilibet

259 2589 394 2669 angelus
417 2588 535 2650 habeat
551 2597 680 2650 tantum
705 2608 804 2650 unam
827 2597 997 2664 naturam;
1022 2590 1078 2652 sed
1103 2611 1147 2651 ex
1163 2589 1225 2651 hoc

260 2715 326 2756 non
350 2695 494 2777 sequitur
510 2695 725 2776 propositum,
742 2695 861 2757 scilicet
877 2695 1040 2758 distinctio
1064 2696 1222 2778 specifica,

260 2802 342 2863 sicut
366 2801 489 2881 patebit
512 2802 677 2863 solvendo
695 2837 739 2848 —
754 2803 813 2863 Ad
826 2802 956 2864 tertium
967 2802 1155 2884 principale
1170 2824 1225 2885 po·

260 2916 322 2969 test
344 2907 435 2968 aliter
458 2907 519 2969 dici
544 2916 577 2970 et
601 2907 715 2969 melius
731 2909 821 2989 quod
837 2908 900 2970 tale
925 2909 1072 2970 medium
1097 2918 1221 2971 nonest

259 3014 414 3085 naturale,
439 3014 495 3075 sed
519 3014 681 3096 dependet
703 2995 731 3075 a
746 3035 843 3076 causa
859 3023 1012 3076 causante
1043 3015 1223 3078 voluntarie

259 3141 334 3202 quae
359 3129 467 3201 potest
490 3119 593 3182 facere
610 3141 713 3182 unum
730 3130 763 3182 et
779 3122 950 3202 reliquum,
967 3129 999 3182 et
1022 3142 1145 3202 ponere
1158 3143 1222 3184 me-

259 3227 350 3289 dium
375 3235 407 3288 et
431 3247 495 3289 non
520 3247 649 3308 ponere,
674 3227 757 3289 sicut
780 3227 889 3289 statim
914 3235 1027 3308 postea
1044 3228 1178 3290 dicetur.
1293 3231 1294 3266 3

324 3330 418 3400 Dico
429 3350 520 3420 ergo
531 3330 741 3400 secundum
754 3330 906 3400 ternum
926 3330 1148 3413 opinonem
1162 3355 1222 3396 me-

258 3439 379 3501 diando
402 3440 491 3520 quod
507 3439 646 3520 quaestio
663 3448 771 3520 potest
794 3460 862 3501 esse
879 3439 920 3500 de
939 3440 1095 3519 possibili
1117 3441 1166 3503 vel
1183 3441 1221 3503 de

250 3547 353 3628 sactu.
379 3546 413 3610 Si
438 3547 478 3608 sit
501 3546 640 3627 quaestio
665 3546 706 3606 de
734 3546 897 3626 possibili,
930 3546 1076 3609 concedo
1097 3557 1220 3629 partem

217 3677 220 3685 ·
257 3653 497 3726 affirmativam,
522 3652 641 3714 scilicet
664 3653 754 3733 quod
778 3661 915 3734 possunt
938 3673 1006 3715 esse
1038 3655 1148 3734 plures
1171 3675 1220 3716 an-
