2634 4267
293 313 479 376 Drsmncr.
506 313 554 375 XI
578 311 726 393 QuAEsT.
752 313 765 374 1
967 330 1031 392 229

108 515 283 600 intelligibili
314 517 383 580 sine
413 517 651 600 phantasmate,
685 516 761 598 quia
793 517 989 599 phantasma
1020 538 1054 580 se

108 620 196 685 habet
216 624 257 685 ad
280 623 478 686 intellectum
503 632 651 686 nostrum
685 643 745 705 pro
769 623 830 685 isto
862 632 947 685 statu
971 624 1054 686 sieut

107 730 242 793 sensibile
275 732 317 792 ad
348 749 498 810 sensum3
522 732 579 792 sed
614 751 726 792 sensus
761 751 827 792 non
862 730 1054 792 immutatur

108 837 202 916 primo
224 837 282 899 nisi
304 837 347 899 ab
370 837 480 918 aliquo
503 837 662 914 sensibili;
687 857 766 918 ergo
791 857 850 899 nec
874 837 1054 900 intellectus

109 952 205 1004 noster
219 944 410 1006 immutatur
433 965 494 1025 pro
510 953 595 1006 statu
619 943 681 1006 isto
698 943 806 1025 primo
827 943 889 1006 nisi
913 965 931 1006 a
954 943 1055 1025 phan-

109 1049 239 1111 tasiabili.
265 1051 320 1112 Ex
344 1050 407 1112 hoc
441 1049 537 1112 infert
560 1049 678 1114 Scotus
713 1051 941 1113 correlativum
964 1051 1054 1132 quod

109 1158 229 1236 angelus
259 1177 325 1219 non
349 1165 457 1238 potest
487 1157 627 1239 aliquem
661 1178 772 1238 rapere
805 1158 846 1219 ad
870 1157 1055 1219 intellectio

109 1280 174 1322 nem
202 1263 368 1337 visibilem,
400 1263 477 1345 quia
509 1264 616 1325 omnis
647 1273 760 1346 raptus
791 1265 911 1326 virtute
934 1263 1054 1326 diaboli

108 1378 149 1429 est
169 1371 297 1450 praecise
320 1370 363 1432 ad
385 1370 507 1452 aliquid
531 1370 655 1433 intense
679 1371 937 1453 imaginandum,
962 1371 1055 1452 cujus

107 1472 218 1538 intensa
232 1477 422 1559 imaginatio
438 1475 514 1539 facit
532 1477 679 1539 animum
696 1477 886 1540 distractum
902 1478 944 1540 ab
961 1478 1051 1540 omni

108 1582 160 1643 alia
181 1584 385 1666 cogitatione.

168 1685 361 1773 Quantum
376 1687 431 1756 ad
440 1687 649 1756 secundum
678 1685 964 1757 Conclusz'onem
981 1690 1055 1752 dico

107 1796 187 1874 quod
209 1805 317 1878 potest
339 1796 462 1879 aliquid
485 1817 618 1859 causare
641 1797 837 1878 dispositive,
863 1817 928 1860 non
944 1806 1055 1860 tamen

107 1898 146 1962 ita
177 1912 210 1964 ut
232 1923 358 1965 novum
392 1902 588 1984 phantasma
612 1905 781 1984 producat,
817 1903 894 1984 quia
929 1919 1054 1966 novum

108 2006 289 2086 phantasma
305 2029 371 2070 non
395 2010 628 2091 produceretur
644 2009 702 2071 nisi
716 2030 812 2072 causa
836 2009 973 2072 naturali
987 2030 1055 2071 me-

109 2113 206 2176 diante
226 2136 293 2197 qua
316 2115 447 2197 ponitur
482 2115 659 2196 objectum.
686 2116 865 2198 Quomodo
896 2137 976 2197 ergo
1000 2137 1056 2198 po

108 2225 162 2282 test
175 2222 343 2304 disponere
366 2231 398 2284 et
414 2242 537 2284 novum
561 2221 757 2304 phantasma
773 2243 839 2285 non
856 2224 1055 2304 producere?

109 2324 183 2389 Dico
203 2329 292 2410 quod
316 2328 379 2390 hoc
402 2337 508 2410 potest
532 2327 598 2391 fieri
622 2329 810 2411 dupliciter:

166 2434 276 2497 Primo
307 2435 484 2517 quietando
508 2444 636 2497 motum
673 2435 851 2497 humorum
875 2444 907 2497 et
930 2435 1056 2516 spiritu-

110 2558 167 2614 um,
189 2541 243 2622 qui
278 2550 387 2604 motus
410 2541 592 2624 impediunt
616 2543 848 2624 cognitionem.
874 2542 919 2603 Et
943 2562 1055 2604 exem-

110 2647 189 2725 plum
211 2656 275 2724 est;
300 2647 449 2710 videmus
471 2648 559 2710 enim
583 2650 674 2731 quod
697 2649 730 2710 in
754 2669 840 2731 aqua
864 2657 954 2710 mota
978 2648 1056 2711 ima·

110 2752 188 2832 gines
210 2775 275 2816 non
298 2763 466 2836 apparent,
490 2755 523 2817 in
547 2776 633 2836 aqua
656 2776 733 2817 vero
757 2755 866 2837 quieta
886 2763 1054 2837 apparent,

109 2866 137 2918 et
156 2868 229 2924 tunc
250 2860 339 2923 visus
361 2860 511 2923 distincte
545 2861 642 2924 videt.
668 2863 717 2924 Ita
740 2861 838 2924 etiam
863 2870 972 2924 motus
995 2862 1056 2944 spi-

110 2964 217 3028 rituum
232 2976 266 3029 et
281 2967 458 3029 humorum
475 2967 659 3048 impediunt
686 2969 872 3031 distinctam
901 2968 1056 3050 cognitio-

111 3089 174 3133 nem
188 3083 220 3136 et
231 3073 354 3136 sedatio
369 3094 483 3136 eorum
504 3073 608 3155 juvat.
628 3074 713 3138 Cum
731 3096 809 3157 ergo
833 3075 968 3157 angelus
985 3097 1056 3157 pos-

111 3187 150 3239 set
170 3180 236 3242 illos
260 3190 369 3243 motus
393 3181 513 3255 sedare,
550 3182 669 3263 poterit
692 3191 724 3244 et
746 3182 789 3245 ad
813 3181 1055 3244 ‹istinctionem

111 3287 320 3366 cognitionum
353 3287 476 3368 juvare.
509 3288 553 3350 Et
588 3287 651 3350 hoc
675 3297 723 3350 est
747 3289 838 3370 quod
862 3287 1000 3351 habetur
1025 3303 1055 3369 7.

111 3388 198 3472 Phys.
222 3393 311 3474 quod
334 3393 443 3455 anima
473 3394 616 3456 sedendo
639 3403 673 3457 et
696 3395 892 3476 quiescendo
923 3393 960 3456 fit
984 3417 1056 3476 pru-

113 3496 189 3560 dens.

167 3605 261 3669 Alius
291 3605 405 3668 modus
428 3613 477 3667 est
508 3605 663 3668 Richardi
695 3606 749 3687 qui
774 3605 851 3669 dicit
885 3607 975 3688 quod
999 3628 1056 3669 an-

114 3728 192 3800 gelus
212 3721 319 3794 potest
342 3711 531 3794 dispositive
553 3712 675 3793 aliquid
699 3712 803 3774 iacere
826 3711 1057 3794 phantasmata
