2634 4267
275 273 336 351 176
537 273 610 335 Lm.
636 274 666 335 ΙΙ
691 272 984 336 Snnrnmmnun

317 479 535 541 RESPONSIO.
561 477 654 540 Circa
671 478 765 539 istam
783 475 1019 558 Quaestionem,
1027 475 1126 558 primo
1140 494 1185 554 po-

249 585 336 648 nitur
359 585 469 666 opinio
493 584 640 667 Magistri
664 605 739 666 quae
756 584 972 646 communiter
989 604 1051 645 non
1066 590 1184 644 tenetur.

250 690 396 754 Secundo
420 691 546 753 dicetur
562 691 604 752 ad
622 689 847 772 Quaestionem
865 691 1042 753 secundum
1058 708 1186 751 commu·
1264 699 1265 718 ¹

249 819 326 860 nem
350 797 547 879 opinionem.

323 1010 547 1096 errantum
571 1013 637 1078 ad
647 1011 854 1094 primurn
886 1011 1127 1077 Articulum
1149 1016 1187 1068 est

248 1119 358 1199 opinio
384 1119 540 1204 Magistri,
572 1120 663 1200 quod
687 1119 718 1180 in
754 1119 876 1204 angelis
899 1120 1002 1182 beatis
1036 1116 1187 1200 praemium

248 1226 411 1307 praecessit
429 1225 592 1299 meritum,
618 1234 782 1288 merentur
798 1234 911 1287 tamen
925 1226 1060 1307 praemia
1075 1245 1126 1305 per
1140 1221 1186 1283 ob-

249 1333 361 1414 sequia
378 1332 565 1395 hominibus
578 1333 724 1414 impensa
741 1333 965 1395 custodiendo.
984 1333 1029 1394 Et
1044 1341 1088 1394 est
1102 1348 1188 1392 erem·

243 1439 340 1520 plum
364 1440 447 1501 sicut
470 1460 519 1502 res
543 1440 599 1501 dat
623 1441 748 1502 bonum
773 1460 907 1521 aequum
937 1439 1030 1502 militi
1052 1439 1104 1520 qui
1125 1454 1188 1497 non·

248 1545 328 1608 dum
354 1547 480 1621 meruit,
504 1547 564 1608 scit
586 1555 697 1608 tamen
721 1546 811 1608 illum
844 1545 979 1609 militem
1004 1567 1097 1627 aequo
1125 1543 1188 1604 dato

249 1653 331 1714 bene
355 1653 411 1726 uti,
436 1662 468 1716 et
491 1654 581 1734 quod
605 1653 780 1717 merebitur
803 1674 888 1715 eum.

320 1756 449 1832 Contra,
474 1781 531 1840 per
554 1760 782 1842 Augustinum
810 1760 881 1823 Lib.
906 1761 945 1822 dr
971 1759 1148 1822 correctione
1166 1761 1190 1813 rt

244 1865 371 1946 gratio,
396 1865 451 1927 ubi
474 1865 553 1927 dicit
582 1866 672 1946 quod
700 1865 807 1947 angeli
830 1866 932 1928 sancti
963 1867 1019 1947 qui
1053 1866 1189 1927 steterunt

248 1971 331 2032 illius
354 1971 430 2033 vitae
456 1973 637 2034 mercedem
662 1972 807 2053 accipere
832 1980 1028 2036 meruerunt.
1053 2009 1089 2018 -—
1114 1968 1188 2032 Pro-

249 2088 342 2150 toreo,
368 2078 392 2138 si
417 2076 517 2139 homo
552 2098 617 2139 non
641 2077 752 2140 suisset
784 2079 951 2153 creandus,
978 2079 1109 2162 angelus
1136 2091 1189 2135 non

249 2183 413 2246 habuisset
434 2184 677 2259 beatitudinem,
695 2185 771 2267 quia
787 2190 865 2247 tunc'
881 2206 947 2246 non
963 2185 1117 2267 potuisset
1130 2196 1188 2242 eam

250 2291 364 2352 mereri
387 2311 444 2372 per
460 2291 616 2373 obsequia
640 2291 827 2354 hominibus
850 2292 1007 2372 impensa.
1025 2328 1069 2338 -
1091 2291 1190 2354 Prore-

249 2420 315 2469 reo,
344 2419 401 2478 per
428 2397 491 2461 hoc
514 2400 603 2479 quod
627 2398 742 2480 aliquis
766 2399 964 2480 praevidetur
988 2400 1071 2484 bene
1093 2409 1191 2460 usurus

249 2513 393 2589 accept0,
419 2525 483 2566 non
516 2514 657 2567 meretur
681 2506 769 2579 illud,
802 2514 880 2568 tunc
903 2505 990 2568 enim
1024 2506 1120 2568 homo
1146 2518 1190 2581 p0·

249 2611 363 2673 tuisset
380 2611 492 2672 mereri
510 2612 657 2692 gratiam,
682 2613 759 2692 quia
775 2613 972 2692 praevidetur
996 2633 1015 2674 a
1032 2614 1102 2674 Deo
1116 2602 1189 2689 quod
1267 2673 1269 2694 ¹

249 2725 296 2779 est
314 2718 396 2779 bene
408 2738 524 2779 usurus
540 2739 587 2791 ea,
604 2728 637 2779 et
660 2727 738 2780 tunc
752 2719 854 2799 gratia
868 2719 936 2798 jam
950 2738 1015 2781 non
1032 2728 1080 2781 est
1095 2711 1189 2800 gratia.
1267 2747 1269 2804 ἶ

250 2859 294 2871 -
317 2823 479 2889 Praetrreo
502 2824 600 2905 aliqui
624 2833 768 2906 arguunt
799 2825 843 2887 sie
867 2834 980 2887 contra
1004 2825 1189 2907 Magistrum:

249 2930 326 3011 quia
350 2950 415 2992 non
439 2931 591 2993 omnibus
614 2931 709 2993 nobis
735 2931 918 2994 ministrant
934 2941 966 2994 et
982 2933 1127 3014 praebent
1143 2923 1189 2986 ob·
1268 2911 1269 2920 ἵ

249 3037 370 3119 sequia;
395 3038 452 3099 sed
476 3037 595 3100 diceret
630 3037 795 3119 Magister:
820 3039 923 3101 immo
954 3039 1132 3102 ministrant
1150 3027 1189 3092 vel
1268 3095 1269 3102 ,

251 3143 391 3205 mediate
414 3144 466 3206 vel
491 3143 690 3218 immediate,
707 3145 783 3225 quia
807 3145 986 3227 superiores
1010 3145 1127 3208 faciunt
1152 3155 1188 3198 re·
1268 3197 1269 3202 ,

249 3250 427 3313 velationes
452 3259 484 3312 et
506 3251 757 3313 illuminationes
780 3251 990 3314 inferioribus.

325 3464 550 3549 Quantum
586 3466 651 3530 od
680 3467 922 3531 seeundum
958 3462 1189 3531 moruorum

249 3570 323 3633 dico
346 3571 428 3632 duas
458 3571 697 3634 Conclusiones.
722 3572 841 3634 Primo
876 3573 966 3654 quod
990 3573 1113 3654 Angeli
1137 3581 1189 3628 me·

250 3686 382 3738 ruerunt
406 3676 639 3738 beatitudinem
664 3699 767 3752 suam;
795 3681 936 3741 secunda
967 3681 1056 3762 quod
1088 3686 1187 3740 metue·

250 3791 325 3843 runt
349 3803 420 3843 eam
445 3791 620 3862 antequam
644 3785 826 3864 acceperint
850 3807 932 3850 eam.
