2634 4267
275 250 335 327 178
516 247 590 311 Lm.
615 248 645 309 ΙΙ
671 247 964 310 §numunianum

322 451 431 514 Tertia
454 461 501 514 est
522 451 629 533 opinio
652 472 727 533 quae
752 451 835 514 sorte
850 461 899 514 est
918 452 1040 526 melior,
1057 472 1123 533 quae
1141 471 1186 532 pn

247 558 294 620 nit
317 567 457 641 quatuor
481 559 631 622 morulas
656 559 695 620 In
718 559 823 640 prima
840 578 953 620 omnes
969 558 1095 621 suerunt
1113 578 1186 619 crea
1266 637 1267 642 η

247 666 270 726 ti
295 666 326 726 in
351 665 560 742 naturalibus;
585 665 617 726 in
640 665 783 728 secunda
817 665 967 747 apposita
1001 674 1049 727 est
1081 664 1185 746 gratia;

247 772 279 834 iu
323 771 417 834 tertia
458 772 508 833 isti
545 780 732 834 meruerunt
762 781 794 834 et
825 771 876 834 isti
912 769 1139 847 demeruerunt;
1160 771 1185 830 in

247 888 364 959 quarta
380 898 494 940 omnes
510 876 640 940 fuerunt
656 878 687 940 in
705 879 852 952 termin0‚
871 878 948 941 boni
972 877 1098 940 fuerunt
1111 876 1187 961 glori-

246 983 342 1056 ficati,
370 985 444 1046 mali
470 1005 548 1047 vero
571 984 714 1046 dannati.
1267 963 1268 970 ἵ

315 1087 392 1157 Sed
411 1086 535 1157 adhuc
557 1107 746 1175 quaereres
769 1090 849 1172 quid
872 1099 948 1152 sunt
964 1091 1035 1152 istae
1059 1090 1184 1152 morulae.

253 1198 325 1259 Una
347 1197 454 1277 opinio
477 1198 555 1259 dicit
578 1197 668 1279 quod
693 1205 767 1258 sunt
791 1197 917 1259 diversa
947 1197 1096 1259 instantia
1124 1205 1189 1257 tem·

247 1305 333 1385 poris
357 1304 494 1377 discreti3
519 1305 576 1366 sed
600 1303 671 1366 haec
696 1304 806 1385 opinio
830 1304 1015 1385 improbata
1039 1314 1086 1366 est
1108 1323 1190 1384 supra
1268 1355 1269 1360 ,

253 1409 371 1486 Quaest.
396 1411 435 1472 de
458 1411 556 1474 AEvo.
1242 1410 1246 1422 ’

313 1518 394 1579 Alia
410 1518 517 1598 opinio
533 1517 610 1580 dicit
633 1518 723 1599 quod
747 1518 810 1580 sint
823 1518 948 1580 diversa
960 1518 1109 1579 instantia
1129 1515 1190 1584 aevi,

247 1635 279 1686 et
304 1624 376 1698 hoc,
401 1625 507 1705 posita
530 1625 562 1687 in
586 1625 787 1686 successione
810 1625 882 1686 aevi.

321 1733 428 1794 Tertia
456 1732 563 1812 opinio
586 1731 664 1793 dicit
687 1732 777 1812 quod
800 1732 866 1793 sint
896 1732 1022 1794 diversa
1045 1731 1190 1799 aeviterna,
1269 1753 1270 1762 ¹

248 1838 428 1900 secundum
464 1838 555 1919 quod
591 1838 850 1918 unumquodque
884 1838 1076 1900 aeviternum
1110 1837 1192 1898 habet

248 1966 345 2006 suum
369 1965 489 2006 aevum.
514 1939 683 2009 Teneatur
706 1945 796 2025 quod
820 1945 892 2026 plus
916 1944 1031 2025 placet.

315 2173 365 2220 nn
390 2172 624 2220 ARGUMENTA
648 2163 889 2220 PRINCIPAL'IA.
907 2156 966 2219 Ad
971 2157 1118 2238 primum
1132 2174 1192 2217 con-

249 2266 330 2328 cedo
364 2266 454 2346 quod
490 2274 678 2327 meruerunt
700 2264 843 2345 aliquam
878 2264 1134 2326 beatititudinem
1154 2281 1194 2322 ac-

248 2373 452 2444 cidentalem,
478 2391 544 2433 non
567 2380 679 2433 autem
703 2371 915 2432 essentialem.
948 2371 992 2432 Et
1024 2379 1149 2452 propter
1168 2368 1194 2427 il·
1271 2411 1272 2428 1

248 2480 313 2540 lam
346 2478 582 2541 beatitudinem
618 2477 851 2539 accidentalem
887 2476 975 2538 nulla
988 2487 1047 2568 'est
1081 2473 1194 2538 afflictio

249 2587 280 2647 in
316 2585 558 2666 exspectando,
599 2584 675 2665 quia
714 2583 835 2646 habent
873 2583 1075 2646 essentialem
1108 2600 1192 2663 quam

249 2692 393 2753 maxime
417 2691 540 2754 volunt.

314 2798 372 2861 Ad
391 2799 565 2860 secundum
589 2798 663 2861 dico
687 2796 777 2877 quod
801 2797 832 2857 in
866 2797 918 2858 illa
942 2794 1193 2884 morulahabue·

249 2914 323 2966 runt
346 2905 453 2986 angeli
477 2904 553 2966 boni
578 2904 622 2966 ita
646 2905 808 2966 intensum
832 2913 943 2965 actum
967 2905 1059 2984 quod
1078 2885 1192 2965 merue-

184 3076 186 3080 ,
249 3020 324 3073 runt
358 3012 592 3073 beatitudinem
627 3010 789 3073 efficacius
823 3031 923 3092 quam
955 3012 1070 3072 mereri
1101 3013 1193 3090 posset

247 3139 347 3199 purus
370 3119 473 3180 viator
496 3127 566 3180 toto
590 3127 738 3199 tempore
761 3116 837 3179 vitae
862 3138 939 3179 suae.

682 3453 783 3806 t
