2634 4267
265 312 328 372 228
507 308 582 372 Lra.
606 308 636 371 ΙΙ
659 306 955 372 Suursurrnnuu

241 512 347 576 forma
363 521 491 577 nonest
514 521 647 596 propter
664 510 844 584 materiam,
869 511 926 572 sed
941 531 960 572 e
973 529 1142 582 converso,
1165 515 1198 568 ut

241 619 337 696 dicis;
369 641 429 683 nec
452 628 585 702 propter
615 617 847 701 perfectionem
871 617 941 698 ejus
964 617 996 679 in
1027 615 1198 699 operando,

241 727 318 810 quia
334 727 423 789 illam
436 725 612 809 perfectam
629 725 853 808 operationem
870 724 969 787 habet
985 723 1094 786 anima
1109 723 1199 784 beata

242 854 309 896 non
333 833 424 896 unita
446 832 575 915 corpori
599 832 681 894 sicut
705 832 804 897 unita.

260 1017 265 1022 ⁸
309 940 430 1023 Arguo
442 961 522 1024 ergo
545 939 636 1002 aliter
647 939 710 1003 sic:
734 938 842 1000 omnis
857 946 969 1000 nostra
984 935 1129 1019 cognitio
1145 933 1201 996 ori-

243 1057 330 1110 tura
353 1068 459 1122 sensu,
483 1055 517 1110 et
531 1045 702 1110 deficiente
725 1066 820 1108 sensu
844 1043 953 1108 deficit
976 1045 1109 1108 scientia
1128 1061 1200 1123 quae

242 1161 292 1236 est
313 1153 494 1217 secundum
518 1153 610 1215 illum
640 1172 772 1215 sensum
794 1173 846 1214 ax.
871 1171 901 1214 Ι.
937 1150 1084 1234 Mataplz.
1107 1159 1147 1212 at.
1170 1165 1199 1208 r.

243 1260 331 1326 Post.
357 1260 422 1325 Sed
446 1260 518 1324 haec
540 1267 624 1322 esset
646 1258 727 1322 falsa
750 1259 775 1321 si
799 1259 862 1321 illae
894 1258 1017 1340 species
1040 1255 1200 1338 imprime-

244 1376 355 1430 rentur
377 1367 420 1430 ab
443 1365 673 1450 intelligentia;
697 1386 786 1449 ergo.

316 1473 437 1539 Contra
466 1473 642 1536 secuudum
673 1472 861 1535 Articulum
892 1471 1040 1554 arguitur
1069 1471 1138 1534 Lib.
1169 1487 1197 1532 Ι.

245 1582 321 1646 dist.
340 1599 376 1660 3.
400 1601 512 1663 quaere
535 1579 588 1644 ibi.
606 1580 651 1642 Et
674 1579 847 1642 adducitur
870 1580 1072 1661 adpraesens
1095 1585 1198 1640 aucto-

245 1690 323 1752 ritas
346 1688 527 1750 Avicennae
552 1686 588 1749 iu
612 1686 670 1749 ult.
695 1697 763 1768 cap.
788 1705 817 1749 Ι.
829 1696 918 1767 part.
943 1685 975 1749 6.
1000 1685 1197 1749 naturalium

247 1795 302 1858 ubi
336 1794 414 1857 dicit
437 1795 528 1876 quod
557 1793 668 1856 anima
698 1814 764 1856 non
788 1793 971 1856 considerat
1001 1793 1122 1876 species
1144 1788 1198 1853 nisi
1285 1795 1286 1800 ’

246 1902 345 1966 veluti
369 1909 444 1963 sunt
467 1901 618 1982 repositae
642 1900 674 1962 in
698 1899 872 1964 intellectu.

320 2114 545 2200 Quantum
569 2116 634 2180 ad
653 2114 832 2180 tertium
856 2113 1108 2179 Articulum
1130 2111 1197 2174 dico

247 2222 338 2304 quod
361 2242 437 2283 cum
461 2221 636 2303 quaeritur:
662 2221 785 2285 Utrum
801 2222 937 2303 angelus
960 2221 1063 2302 possit
1086 2217 1196 2300 aliquid

247 2328 392 2391 effective
412 2348 543 2391 causare
559 2328 591 2390 in
615 2328 779 2390 intellectu
796 2336 917 2402 nostro,
942 2337 1051 2410 potest
1073 2322 1197 2406 intelligi

248 2435 298 2497 vel
322 2435 363 2496 de
386 2435 504 2516 angelo
527 2434 676 2497 absolute
699 2444 842 2516 sumpto,
862 2435 912 2497 vel
936 2435 978 2496 de
1001 2436 1117 2517 angelo
1129 2451 1197 2495 cum

249 2561 386 2623 corpore
415 2550 594 2624 assumpto,
628 2541 662 2605 Si
686 2542 830 2604 secundo
862 2543 972 2615 mod0‚
1006 2550 1095 2623 patet
1116 2537 1198 2621 quod
1280 2573 1281 2606 3

249 2647 303 2722 sic,
328 2668 386 2729 per
408 2656 516 2710 totum
541 2648 659 2710 librum
683 2646 798 2710 Toblae
822 2648 864 2710 de
887 2647 1066 2730 Raphaele.
1098 2647 1130 2711 Si
1152 2667 1198 2708 au-

249 2761 316 2847 tem
334 2754 440 2835 primo
464 2756 565 2816 modo
581 2755 654 2816 dico
675 2755 757 2817 duas
772 2754 1013 2817 conclusiones:
1033 2755 1144 2836 prima
1157 2760 1200 2814 est
1280 2767 1281 2782 ¹

249 2860 340 2940 quod
363 2859 442 2923 nihil
466 2870 574 2942 potest
597 2881 730 2924 causare
745 2861 933 2923 immediate
956 2860 1112 2935 effective,
1128 2868 1199 2942 puta

250 2966 499 3029 intellectionem
530 2969 581 3030 vel
612 2967 771 3050 speciem;
803 2967 943 3031 secunda
973 2968 1136 3031 conclusio
1156 2972 1200 3026 est

250 3073 341 3156 quod
363 3073 486 3154 aliquid
510 3083 619 3156 potest
641 3073 838 3156 dispositive.

316 3175 459 3246 Prltraa
487 3176 684 3248 Conclusio
708 3181 865 3262 probatur
888 3180 949 3242 sic:
974 3190 1068 3243 actus
1090 3179 1201 3242 activo-

251 3306 325 3348 rum
359 3286 491 3349 suntin
522 3287 664 3368 patiente
688 3288 844 3369 disposito
874 3307 905 3350 2.
930 3289 968 3350 da
991 3288 1130 3360 aru'ma,·
1153 3283 1201 3347 scd

251 3390 433 3455 intellectus
456 3403 565 3456 noster
588 3395 669 3456 dum
692 3403 740 3457 est
775 3395 968 3476 conjunctus
991 3395 1121 3476 corpori
1144 3413 1203 3454 cor-

252 3499 395 3581 ruptibili
419 3521 485 3562 non
509 3509 558 3563 est
574 3500 749 3583 dispositus
772 3501 815 3563 ad
831 3501 1073 3583 suscipiendum
1098 3502 1202 3563 imme·
1284 3549 1286 3564 .

252 3605 339 3668 diate
369 3606 510 3686 speciem
534 3608 584 3669 vel
615 3607 866 3670 intellectionem
890 3607 932 3670 ab
963 3609 1098 3689 angelo;
1124 3627 1203 3688 erga,
1285 3573 1288 3736 l

253 3710 329 3791 quia
360 3731 420 3790 pro
450 3720 536 3773 statu
561 3713 622 3774 isto
653 3713 833 3775 intellectus
864 3713 1039 3795 impeditur
1071 3734 1112 3776 ne
1142 3733 1204 3795 pos·
1283 3737 1286 3790 r

253 3814 294 3875 sit
310 3814 450 3894 recipere
466 3815 653 3879 immediate
669 3817 932 3882 immutationem
948 3820 990 3882 ab
1014 3820 1124 3902 aliquo
1139 3829 1202 3882 actu
