2634 4267
262 248 327 325 428
508 243 582 308 Lm.
607 244 637 307 11
663 243 960 308 Saurammnun

241 449 429 532 simpliciter
451 448 595 531 cognitio
618 446 739 529 objecti
762 456 894 511 nonest
916 447 949 509 in
972 455 1115 529 potestate
1124 466 1177 507 no

240 566 323 632 stra;
348 576 428 639 ergo
451 576 511 619 nec
534 556 709 619 discursus.

306 660 402 731 Dico
424 680 516 749 ergo
538 659 650 729 aliter
672 682 749 724 cum
772 671 863 724 sexto
886 662 987 733 modo,
1014 660 1182 742 quodcum

240 778 289 832 est
313 790 378 832 una
390 768 565 832 intellectio
588 777 743 850 percepta
766 776 799 831 et
810 768 963 830 distincta
987 775 1185 848 possuntesse

243 877 356 938 multae
392 876 612 957 imperceptae,
648 876 726 956 quia
761 895 827 938 non
853 874 987 937 minoris
1010 873 1124 935 virtutis
1143 880 1187 933 est

240 983 421 1044 intellectus
455 1003 556 1063 quam
580 981 685 1057 visus;
710 1002 787 1043 cum
821 990 932 1043 autem
968 991 1017 1043 est
1039 1001 1098 1043 una
1118 979 1187 1041 visio

240 1098 394 1170 percepta
417 1098 554 1171 possunt
577 1109 645 1151 esse
670 1089 783 1150 multae
819 1086 1037 1169 imperfectae3
1059 1107 1132 1168 ergo
1150 1085 1189 1147 ita

240 1196 359 1278 poterit
371 1216 440 1257 esse
463 1196 495 1257 in
507 1196 683 1260 intellectu.
701 1194 796 1256 Tunc
812 1204 924 1256 autem
937 1195 1086 1256 voluntas
1096 1201 1190 1274 potest

240 1302 272 1364 in
297 1303 375 1365 illud
399 1302 481 1365 velle
505 1302 711 1383 complacere
734 1311 766 1363 et
779 1300 882 1363 facere
906 1302 1102 1364 intellectum
1118 1310 1190 1361 stare

240 1410 325 1471 circa
341 1409 425 1471 illius
448 1409 672 1491 cognitionem
685 1408 735 1470 vel
760 1395 997 1489 cogitationem
1010 1418 1042 1470 et
1065 1407 1188 1468 intellec-

240 1523 293 1578 tus
316 1525 395 1579 tunc
421 1516 525 1597 magis
549 1514 734 1577 firmabitur
746 1524 778 1576 et
801 1514 862 1577 erit
874 1515 1041 1597 cogitatio,
1054 1512 1188 1576 intensior
1290 1551 1292 1558 ·

240 1631 273 1683 et
295 1623 533 1704 complacentia
556 1621 735 1684 voluntatis
757 1631 897 1703 augetur
919 1631 952 1683 et
975 1622 1030 1683 illa
1051 1618 1187 1702 cogitatio
1290 1625 1291 1678 ἱ

240 1728 375 1802 intensa,
401 1730 425 1791 si
450 1750 515 1790 non
539 1738 588 1791 est
613 1729 761 1810 regulata
784 1728 1094 1809 diciturpeccatum,
1116 1735 1144 1787 et
1159 1725 1185 1785 in

240 1835 293 1896 illa
317 1836 517 1915 subjectione
540 1835 687 1915 subjacet
713 1834 850 1915 imperio
873 1836 1065 1912 voluntatis;
1082 1832 1186 1915 potuis-
1291 1895 1292 1914 ἶ

240 1951 288 2003 set
323 1942 410 2003 enim
434 1943 585 2005 voluntas
620 1928 710 2003 illam
734 1943 931 2023 suspendere
966 1942 1048 2004 sicut
1071 1940 1186 2023 quilibet

241 2047 274 2109 in
299 2049 403 2130 seipso
428 2048 546 2129 poterit
570 2049 720 2129 experiri,
745 2058 778 2110 et
801 2069 858 2129 per
882 2048 946 2110 hoc
978 2058 1068 2130 patet
1089 2048 1127 2109 ad
1148 2067 1188 2107 ra-

239 2156 344 2217 tiones
373 2156 492 2236 quibus
513 2157 671 2237 probatur
703 2157 794 2237 quod
818 2156 978 2237 cogitatio
1013 2177 1079 2218 non
1101 2164 1144 2217 est
1163 2154 1188 2214 in

240 2271 401 2343 potestate
425 2273 544 2328 nostra.

308 2476 369 2538 Ao
394 2490 537 2539 Paruum
563 2491 780 2538 PRINCIPALE
805 2477 951 2539 concedo
974 2478 1066 2558 quod
1097 2496 1191 2558 pecca-

240 2593 312 2645 tum
337 2605 402 2645 non
418 2592 466 2645 est
491 2583 667 2645 formaliter
681 2584 738 2646 nisi
763 2584 795 2644 in
808 2584 987 2658 voluntate,
1002 2584 1193 2646 materialiter

241 2701 351 2752 autem
377 2699 484 2772 potest
507 2712 575 2752 esse
598 2690 667 2752 aliis
690 2690 825 2752 actibus

307 2797 366 2858 Ad
385 2807 581 2879 argumenta
606 2806 697 2878 patet
719 2817 762 2858 ex
786 2796 879 2858 dictis
903 2796 934 2858 in
961 2814 990 2859 2.
1015 2797 1174 2860 Articulo.

600 2992 778 3073 QuAEsmo
806 2993 847 3056 ΙΙ.

387 3150 532 3214 Secundo
555 3152 718 3233 quaeritur
737 3154 809 3215 sine
831 3153 1061 3235 argumentis:

294 3311 402 3365 Utrum
419 3311 501 3363 notus
519 3325 624 3377 parvus
642 3309 771 3365 exterior
789 3311 819 3365 et
836 3310 957 3365 interior
983 3310 1044 3364 slnt
1071 3311 1129 3366 duo
1147 3325 1198 3379 poe·

240 3401 307 3454 oeta
325 3399 370 3453 vel
389 3414 488 3453 unum.

308 3545 582 3606 RESPONDETUR
595 3544 686 3624 quod
711 3544 751 3605 de
764 3544 905 3605 interiori
928 3553 1004 3606 actu
1029 3545 1197 3608 voluntatis

240 3657 273 3708 et
295 3647 446 3708 exteriori
478 3649 637 3730 contingit
672 3649 761 3731 loqui
786 3650 972 3732 dupliciter:
1015 3651 1086 3714 Uno
1117 3652 1197 3715 modo

1264 309 1274 428 l
