2634 4267
249 269 315 330 422
523 250 597 317 Lur.
623 250 652 313 11
677 249 971 313 Sanianmnon

228 477 317 539 ergo
331 458 395 519 Ista
419 457 501 519 ratio
514 466 563 519 est
575 454 715 517 Thomae
723 464 811 536 part.
835 474 866 517 2.
880 465 992 536 quast.
1015 452 1065 517 18.
1076 464 1133 515 art.
1147 473 1178 535 9.

301 561 430 637 Contra,
454 563 531 645 quia
555 572 633 624 tunc
646 582 713 623 non
736 571 819 623 esset
831 561 948 642 aliquis
970 560 1097 623 actusin
1114 580 1179 641 quo

230 691 296 733 non
320 680 403 732 esset
427 670 579 731 meritum
602 670 652 730 vel
677 668 892 745 demeritum;
917 669 975 730 sed
998 666 1102 729 fricare
1114 667 1181 727 bar-

231 778 309 840 bam
334 776 515 839 nonhabet
539 776 711 848 meritum;
735 795 815 856 ergo
831 774 967 837 haberet
988 774 1180 845 demeritum,

231 884 321 965 quod
345 893 393 945 est
417 882 656 945 inconveniens

298 991 522 1053 RESPONDEO
546 998 578 1050 et
601 988 676 1050 dico
710 988 801 1068 quod
824 997 918 1049 actus
955 988 1110 1049 humanus
1136 996 1184 1047 est

231 1098 372 1179 duplex:
386 1097 522 1177 quidam
535 1095 714 1177 procedens
727 1095 795 1156 sine
808 1095 1046 1168 deliberatione,
1058 1095 1183 1176 quidam

231 1224 307 1267 cum
332 1203 570 1265 deliberatione.
597 1202 648 1263 De
671 1211 746 1264 actu
771 1202 826 1282 qui
862 1211 910 1263 est
945 1203 1016 1264 sine
1044 1200 1187 1263 delibera·

231 1311 315 1374 tione
339 1331 404 1372 non
428 1310 514 1372 cadit
537 1309 687 1390 quaestio
712 1308 788 1390 quia
802 1328 916 1370 omnes
940 1309 1133 1371 conveniunt
1155 1307 1186 1367 in

233 1417 296 1478 hoc
330 1417 420 1497 quod
455 1416 506 1478 ille
540 1436 599 1477 nec
634 1425 683 1477 est
718 1416 824 1477 bonus
860 1435 919 1476 nec
955 1415 1074 1485 malus,
1100 1414 1188 1493 cujus

232 1524 314 1585 ratio
336 1533 384 1585 est
407 1523 485 1605 quia
508 1531 600 1584 actus
624 1542 690 1583 non
713 1531 761 1583 est
786 1522 891 1583 malus
915 1542 975 1583 nec
1006 1523 1112 1584 bonus
1132 1519 1186 1582 nisi

234 1628 337 1691 factus
359 1650 402 1691 ex
437 1629 592 1691 electione
614 1650 656 1689 ex
674 1646 709 1707 5.
735 1627 861 1700 Ettic,·
898 1628 955 1689 sed
975 1637 1068 1690 actus
1090 1626 1189 1690 factus

235 1737 303 1798 sine
335 1736 564 1797 deliberatione
588 1755 654 1796 non
689 1744 738 1796 est
760 1755 803 1795 ex
827 1735 1002 1797 electione:
1041 1756 1128 1817 ergo.
1150 1770 1191 1781 -

235 1844 295 1905 Est
319 1863 398 1923 ergo
414 1842 553 1922 quaestio
577 1842 618 1902 de
634 1850 708 1903 actu
733 1842 839 1903 elicito
861 1862 934 1903 cum
950 1842 1190 1904 deliberatione:

236 1959 345 2012 utrum
370 1950 471 2030 possit
494 1969 562 2010 esse
596 1948 712 2028 aliquis
742 1957 834 2010 actus
853 1948 926 2010 talis
948 1958 982 2010 et
1006 1949 1191 2011 indifferens.

236 2057 280 2118 Et
304 2055 355 2117 hic
391 2064 467 2117 sunt
491 2056 565 2116 dnae
601 2054 770 2136 opiniones
805 2064 975 2116 extremae.
1017 2056 1089 2119 Una
1123 2056 1194 2117 dicit

235 2163 325 2244 qnod
360 2183 437 2237 non,
461 2162 554 2242 cujus
589 2162 729 2223 rationes
752 2170 829 2223 sunt
852 2160 998 2243 quinque
1021 2162 1135 2243 positae
1164 2163 1193 2223 in

236 2269 394 2351 principio
418 2268 616 2349 quaestionis
641 2269 721 2330 Alia
744 2279 792 2330 est
812 2268 928 2347 opinio
943 2269 995 2330 cui
1021 2270 1124 2351 magis
1146 2290 1190 2331 as·

237 2376 350 2448 sentio,
375 2396 449 2455 quae
474 2375 551 2437 dicit
575 2376 665 2455 quod
688 2375 849 2455 contingit
871 2384 984 2437 actum
1005 2376 1083 2437 dare
1105 2375 1193 2438 indif-

236 2482 391 2544 ferentem
416 2482 457 2542 ad
481 2482 661 2543 bonitatem
685 2491 717 2543 et
742 2481 908 2554 malitiam,
934 2481 989 2543 ubi
1014 2483 1190 2545 notandum

237 2589 327 2671 quod
351 2588 479 2649 bonitas
502 2598 534 2649 et
558 2588 679 2649 malitia
710 2588 742 2649 in
766 2597 841 2649 actu
866 2589 1085 2668 praetermissa
1108 2590 1192 2651 boni·
1287 2611 1288 2614 ¹

144 2682 146 2687 ⁵
237 2705 305 2757 tate
340 2694 476 2756 naturali
511 2704 560 2756 est
595 2696 729 2775 duplex,
765 2694 885 2756 scilicet
915 2694 1046 2756 bonitas
1081 2706 1114 2757 et
1135 2718 1194 2757 ma-

239 2802 305 2864 litia
331 2801 459 2862 moralis
483 2810 515 2862 et
538 2802 667 2871 bonitas
689 2810 721 2862 et
746 2800 868 2863 malitia
904 2801 1068 2863 meritoria
1091 2812 1123 2864 et
1144 2804 1192 2864 de-

239 2907 411 2981 meritoria,
436 2908 535 2969 etsie
559 2908 633 2969 dico
657 2908 738 2968 duas
762 2907 995 2969 conclusiones

307 3015 425 3076 Primo
442 3023 490 3075 est
513 3015 603 3094 quod
619 3014 771 3075 convenit
794 3014 872 3075 dare
887 3023 998 3075 actum
1023 3015 1191 3078 indifferen-
1287 3070 1289 3083 ε

239 3130 306 3183 tem
330 3122 372 3183 ad
397 3121 576 3182 bonitatem
590 3129 621 3181 et
646 3120 803 3182 malitiam
818 3121 985 3194 moralem,
1011 3122 1104 3201 cujus
1119 3123 1189 3184 ratio

240 3237 288 3289 est
301 3228 377 3307 quia
401 3226 530 3289 habitus
544 3226 678 3307 justitiae
695 3236 867 3308 generatur
880 3247 922 3288 ex
946 3228 1101 3308 operibus
1110 3229 1190 3309 justis

241 3355 307 3396 non
331 3344 441 3395 tamen
462 3333 548 3413 juste
561 3332 652 3395 factis
675 3355 716 3394 ex
735 3352 769 3415 j.
788 3333 898 3395 Etliic.
912 3356 924 3394 .·
948 3334 1006 3395 sed
1029 3334 1090 3397 iste
1112 3346 1190 3397 actus

242 3460 307 3501 non
332 3449 380 3501 est
404 3441 508 3501 malus
533 3439 695 3501 moraliter
719 3449 865 3517 constat;
890 3461 949 3502 nec
971 3441 1078 3503 bonus
1101 3463 1190 3504 mora·

243 3546 322 3619 liter,
347 3546 423 3626 quia
447 3566 512 3607 non
536 3556 650 3607 estex
674 3546 811 3622 virtute;
836 3568 925 3629 ergo

312 3650 461 3712 Secmtdo
476 3653 634 3713 conclusio
647 3662 696 3714 est
719 3654 810 3733 qnod
823 3654 975 3716 convenit
998 3655 1078 3717 dare
1095 3666 1187 3719 actum
