2634 4267
383 904 701 1012 Distinctio
743 904 843 1010 IV.

358 1155 459 1231 Post
490 1155 562 1231 hoo
592 1154 869 1232 videndum...

274 1276 375 1343 Circa
398 1278 495 1340 istam
522 1296 554 1361 4.
578 1277 819 1340 distinctionem
843 1297 951 1360 quoio

504 1439 680 1522 Qunsmo
705 1441 728 1502 Ι.

363 1597 470 1652 Utrum
487 1597 613 1664 Angelus
632 1597 719 1666 possit
745 1611 870 1665 poooure.

187 1743 339 1805 Videtur
362 1742 452 1822 quod
475 1762 551 1815 non,
575 1741 652 1822 quia
676 1749 732 1802 aut
757 1739 820 1802 hoc
848 1749 931 1802 esset
958 1740 1092 1821 inquan-

111 1861 197 1914 tum
225 1858 319 1911 esta
342 1849 425 1922 De0,
449 1857 481 1910 et
504 1857 583 1910 tune
607 1848 698 1910 Deus
721 1856 804 1910 esset
828 1867 925 1908 causa
949 1847 1090 1928 peccati;

114 1968 182 2021 aut
209 1957 408 2037 inquantum
431 1964 478 2017 est
501 1976 545 2017 ex
568 1954 678 2028 nihilo,
703 1963 735 2016 et
759 1953 822 2016 hoc
846 1974 921 2027 non,
946 1954 1023 2034 quia
1045 1953 1093 2014 in-

116 2072 294 2146 quantum
317 2070 365 2123 est
388 2082 431 2123 ex
454 2061 563 2135 nihilo,
589 2060 733 2122 naturale
757 2069 805 2123 est
828 2059 887 2122 sibi
903 2058 1048 2134 deficere,
1061 2069 1094 2122 et

118 2172 170 2234 sic
197 2190 267 2231 non
290 2177 374 2230 esset
396 2168 528 2249 aliquod
543 2176 725 2249 peccatum.

197 2293 228 2338 2.
254 2277 422 2356 Praeterea,
448 2256 569 2336 malitia
591 2283 624 2336 et
647 2282 818 2355 peccatum
843 2294 909 2335 non
926 2282 1001 2334 sunt
1025 2273 1092 2335 sine

119 2383 323 2466 ignorantia,
337 2403 394 2464 per
410 2382 623 2444 Aristotelem
638 2399 671 2459 5.
690 2379 812 2453 Etlzz'c„
835 2381 890 2443 ubi
906 2379 1088 2461 dicitquod

124 2490 237 2553 omnis
251 2489 356 2550 malus
371 2489 542 2570 ignorans;
560 2487 616 2549 sed
640 2488 673 2548 in
687 2487 828 2569 Angelis
845 2508 910 2549 non
934 2495 982 2548 est
998 2487 1090 2567 igno-

127 2596 235 2659 rantia
258 2617 300 2656 ex
318 2613 352 2673 3.
378 2593 487 2657 Ettic.
650 2575 655 2586 Ι

197 2703 239 2764 In
263 2701 476 2773 contrarium,
505 2701 582 2782 quia
606 2701 754 2782 peccavit
765 2701 806 2762 de
830 2699 925 2772 fact0,
944 2721 1022 2781 ergo
1038 2720 1094 2781 po·

18 2890 20 2893 ⁴
131 2811 192 2872 tuit
216 2829 361 2891 peccare.

195 2917 300 2998 Juxta
323 2916 418 2977 istam
442 2915 657 2995 quaestionem
681 2935 795 2995 quaero
819 2914 915 2975 aliam

165 3075 274 3130 Utrum
292 3072 418 3139 Angelus
436 3071 474 3126 ab
491 3072 612 3130 lustantl
629 3087 689 3126 suae
707 3071 858 3126 ornationis
876 3071 966 3125 luent
989 3070 1092 3124 malus.

195 3220 243 3281 Et
265 3218 394 3280 videtur
417 3217 507 3298 quod
530 3218 584 3291 sic,
616 3216 803 3278 testimonio
837 3211 1015 3278 Salvatoris
1038 3215 1093 3296 qui

130 3327 209 3389 dicit
233 3325 273 3388 de
297 3324 432 3406 angelo:
457 3324 509 3385 ille
533 3322 697 3385 homicida
721 3322 781 3384 fuit
806 3322 847 3401 ab
871 3322 992 3383 initio-

195 3434 357 3494 Praeterea
380 3429 504 3511 Angeli
528 3429 605 3492 boni
629 3429 671 3490 ab
695 3429 826 3491 instanti
858 3449 925 3490 suae
957 3427 1091 3489 creatio-

132 3539 179 3601 nis
202 3538 334 3601 suerunt
358 3536 456 3599 creati
480 3536 573 3615 boni;
604 3557 683 3616 ergo
715 3535 838 3616 Angeli
870 3534 945 3596 mali
974 3535 1015 3596 ab
1046 3533 1094 3594 in-

133 3646 227 3707 stanti
258 3665 327 3706 suae
363 3642 533 3705 creationis
567 3640 698 3703 suerunt
734 3642 819 3702 mali.
861 3639 1091 3721 Consequentia
