2634 4267
291 263 479 324 D1ST1Nc'r.
505 262 616 324 XXIII
643 261 828 342 (ΜΒΝ
988 279 1050 343 327

174 465 264 535 Ideo
285 466 391 535 alius
412 464 549 535 Doctor
570 468 688 549 probat
722 469 809 531 illam
823 468 1073 533 Conclusionem

108 597 166 658 per
190 577 275 637 duas
299 575 447 638 rationes.
471 576 589 638 Primo
612 576 675 654 sic;
699 576 850 638 voluntas
873 576 905 637 in
929 597 995 658 qua
1007 598 1073 639 non

108 683 292 745 necessario
304 682 549 764 conjunguntur
568 693 712 763 appetere
724 683 937 744 commodum
950 692 982 744 et
994 693 1076 746 recte

108 800 256 871 appetere
271 789 495 861 commodum,
509 797 616 869 potest
629 809 694 850 non
708 797 793 850 recte
808 798 960 869 appetere
988 810 1076 851 com-

109 898 262 969 modum,
286 904 319 957 et
342 895 394 958 illa
418 904 525 977 potest
549 915 700 977 peccare;
725 896 782 957 sed
805 896 837 957 in
862 897 949 957 nulla
962 896 1073 958 volun-

107 1013 177 1065 tate
201 1004 263 1065 ista
286 1003 529 1084 conjunguntur
558 1002 736 1064 necessario
767 1002 824 1064 nisi
852 1003 883 1064 in
906 1003 1074 1065 voluntate

108 1111 192 1190 Dei;
216 1131 305 1189 ergo.
329 1148 374 1156 —
398 1110 461 1171 Ista
473 1109 554 1171 ratio
578 1108 660 1171 sorte
684 1129 749 1170 non
762 1109 856 1182 valet,
869 1109 945 1190 quia
957 1110 1073 1170 eodem

111 1219 215 1280 modo
239 1217 347 1299 arguit
370 1217 411 1278 de
434 1216 545 1278 beatis.

179 1324 326 1387 Secundo
350 1324 467 1404 probat
491 1343 562 1384 eam
587 1322 648 1384 sic:
685 1322 791 1384 omnis
825 1323 975 1384 voluntas
998 1343 1074 1403 quae

109 1439 221 1513 potest
245 1431 326 1492 velle
348 1430 470 1511 aliquid
494 1428 665 1490 affectione
699 1429 858 1491 commodi
891 1438 1008 1510 praeter
1032 1428 1076 1490 as-

108 1538 285 1601 sectionem
299 1537 398 1618 justi,
424 1544 530 1617 potest
554 1556 707 1616 peccare3
731 1536 788 1597 sed
801 1536 951 1597 voluntas
967 1546 1075 1598 creata

108 1654 221 1727 potest
244 1643 366 1725 aliquid
389 1643 470 1705 velle
493 1642 662 1703 affectione
686 1642 851 1704 commodi
880 1652 997 1723 praeter
1032 1642 1074 1705 ai-

108 1751 286 1814 feetionem
308 1750 402 1830 justi;
427 1771 515 1831 erg0.
540 1789 584 1796 -
608 1750 674 1814 Sed
698 1750 757 1811 ista
786 1748 867 1810 ratio
898 1758 1011 1829 peccat
1042 1751 1074 1811 in

109 1858 254 1920 secunda
278 1866 369 1937 parte
393 1858 538 1931 minoris,
563 1857 639 1938 quia
663 1856 743 1937 petit
773 1855 863 1936 quod
895 1856 1061 1935 quaeritur.

177 1960 265 2031 Ideo
287 1961 368 2030 dico
391 1964 532 2026 tenendo
556 1965 694 2026 eandem
709 1964 958 2027 conclusionem
981 1985 1075 2045 prop-

109 2080 158 2133 ter
183 2070 270 2132 dicta
294 2070 508 2133 Sanctorum:
532 2070 657 2143 Primo,
683 2080 815 2151 propter
847 2070 1073 2151 Augustinum

109 2188 223 2239 contra
247 2177 440 2239 Maximum
465 2177 520 2239 lib.
540 2196 575 2257 j.
599 2187 632 2240 et
656 2178 813 2259 Magister
836 2178 955 2259 allegat
971 2177 1025 2239 lib.
1043 2196 1073 2238 Ι.

110 2285 186 2347 disc.
212 2282 246 2346 8.
271 2292 303 2345 et
327 2283 382 2348 lib.
406 2303 437 2346 2.
462 2284 538 2347 dist.
563 2304 593 2368 7.
618 2285 768 2345 -Item
793 2285 1014 2363 Hieronymus
1039 2286 1074 2345 in

110 2401 204 2453 tract.
230 2392 269 2454 de
284 2390 361 2474 filio
377 2392 518 2472 prodigo
542 2391 618 2453 dicit
641 2392 731 2471 quod
756 2392 843 2452 solus
867 2393 958 2452 Deus
981 2392 1073 2451 estin

110 2518 210 2579 quem
235 2506 406 2578 peccatum
431 2499 547 2559 cadere
571 2519 635 2559 non
662 2506 780 2578 potest.
805 2536 848 2542 —
883 2497 965 2558 Item
1001 2497 1073 2558 An-

110 2605 232 2666 selmus
257 2604 313 2670 lib.
337 2623 367 2668 2.
392 2626 452 2666 cur
473 2606 563 2666 Deus
589 2604 691 2677 home,
716 2604 874 2685 discipulo
898 2605 1073 2685 quaerenti,

108 2732 166 2773 cur
191 2731 259 2772 non
283 2711 391 2791 potuit
415 2710 506 2772 Deus
530 2710 634 2772 facere
668 2720 848 2772 creaturam
884 2712 1076 2792 impeccabi-

109 2818 174 2880 lem
200 2838 257 2898 per
282 2826 442 2890 naturam,
467 2817 544 2879 dicit
569 2818 659 2897 quod
684 2816 746 2879 hoc
771 2838 836 2878 non
860 2819 976 2897 potuit,
1000 2819 1075 2898 quia

108 2945 176 2987 non
203 2923 310 3004 potuit
334 2923 420 2985 illam
445 2922 548 2985 facere
573 2925 701 3003 Deum3
726 2944 804 3004 ergo
829 2925 916 2985 nulla
929 2933 1074 2986 creatura

108 3040 220 3113 potest
243 3050 312 3092 esse
335 3030 552 3112 impeccabilis
576 3030 635 3091 nisi
659 3039 827 3111 assumpta
844 3031 875 3092 in
893 3031 1016 3093 unitate
1032 3032 1075 3091 di-

108 3139 196 3201 vinae
220 3147 355 3199 naturae.

178 3352 240 3413 ΑΙ)
267 3363 412 3413 PRIMUM
436 3350 468 3411 in
492 3350 690 3412 contrarium
716 3372 800 3432 nego
818 3352 981 3433 rizasiirem,
999 3351 1074 3431 quia

108 3459 231 3521 coelum
256 3467 464 3536 comparatur
479 3457 521 3519 ad
538 3466 665 3517 motum
679 3478 744 3520 non
757 3458 842 3520 sicut
855 3479 951 3520 causa
964 3459 1072 3533 libera,

39 3586 43 3593 ·
111 3566 267 3627 voluntas
289 3572 401 3625 autem
440 3571 648 3644 comparatur
683 3565 724 3626 ad
760 3567 841 3628 velle
872 3566 953 3627 sicut
978 3586 1074 3627 causa

111 3673 219 3735 libera.
