2634 4267
268 302 458 368 Drsrrucr.
481 300 612 365 XXVII
636 300 784 383 QuAEsr.
809 303 823 365 Ι
982 316 1020 383 35
1028 316 1043 382 5

169 508 400 571 RESPONSIO:
425 506 476 569 hic
499 513 575 569 sunt
598 506 658 569 tria
680 506 829 570 videnda.
844 506 968 581 Primo,
984 508 1068 589 quid

97 613 142 677 sit
165 613 278 678 virtus.
304 612 465 688 Secundo.
479 612 504 675 si
528 613 633 695 gratia
655 612 697 675 sit
718 613 829 677 virtus.
853 613 966 688 Tertio,
990 634 1069 695 qua-

98 721 174 783 liter
197 720 302 803 gratia
318 721 369 783 vel
384 720 570 802 quicunque
583 719 712 804 habitus
724 740 758 783 se
781 719 880 783 habet
891 721 933 782 ad
945 729 1067 783 actum.

177 933 403 1020 Quantum
427 934 707 1017 adprimum,
720 933 888 997 sciendum
901 935 991 1015 quod
1004 934 1067 997 vir-

94 1051 154 1104 tus
179 1042 344 1124 tripliciter
367 1040 533 1123 accipitur.
558 1041 618 1104 Est
641 1039 728 1103 enim
752 1040 858 1122 primo
882 1041 983 1104 virtus
1004 1062 1067 1104 mo·

94 1148 206 1224 ralis;
230 1148 372 1223 secunda
395 1146 591 1230 theologicas
614 1147 709 1210 tertia
732 1156 780 1209 est
796 1145 933 1223 heroica,
947 1148 988 1209 de
999 1167 1066 1229 qua

101 1254 326 1337 Philosophus
348 1273 379 1339 7.
404 1253 514 1318 Ethic.
538 1255 616 1317 Ideo
639 1262 769 1336 oportet
791 1254 900 1317 videre
922 1254 1001 1336 quid
1025 1254 1065 1316 sit

97 1362 207 1425 virtus
229 1363 261 1424 in
285 1352 431 1443 quolibet
454 1362 583 1424 iliorum
608 1363 793 1424 modorum.

168 1465 310 1536 Primo
332 1465 414 1535 dico
438 1469 528 1550 quod
551 1468 653 1532 virtus
683 1467 819 1530 moralis
855 1476 904 1529 est
935 1467 1065 1530 habitus

92 1576 256 1639 electivus
278 1575 311 1638 in
336 1575 444 1637 medio
467 1575 609 1637 existens
631 1575 741 1656 quoad
765 1594 825 1636 nos
852 1574 1066 1637 determinata

97 1683 235 1756 ratione,
260 1690 297 1743 ut
312 1682 439 1763 sapiens
450 1682 686 1744 determinabit.
712 1681 794 1743 Haec
816 1679 962 1743 definitio
974 1689 1065 1762 patet

91 1810 129 1854 2.
157 1788 267 1855 Ethz'c.
291 1810 316 1851 c.
341 1788 371 1851 6.
395 1789 428 1851 in
453 1810 519 1870 qua
542 1797 710 1871 ponuntur
726 1789 801 1850 duae
819 1787 1061 1853 Conclusiones.

168 1897 288 1959 Prima
311 1896 401 1977 quod
425 1896 526 1958 virtus
541 1905 589 1958 est
612 1894 744 1957 habitus
773 1894 935 1969 electz'vus,
970 1896 1062 1976 quod

95 2004 260 2086 probatur
276 2003 337 2065 sic:
362 2002 394 2064 in
418 2003 527 2065 anima
551 2023 616 2065 non
640 2010 716 2083 sunt
739 2002 797 2064 nisi
821 2000 986 2082 passiones
1010 2000 1064 2063 ha·

95 2110 189 2172 bitus
211 2123 244 2172 et
267 2109 519 2191 potentiae;‘sed
542 2108 643 2171 virtus
666 2129 732 2171 uon
748 2117 796 2169 est
809 2107 915 2188 passio
932 2128 992 2169 nec
1009 2128 1064 2189 po-

94 2216 220 2292 tentia3
260 2236 340 2298 ergo
384 2225 433 2279 est
469 2215 615 2278 habitus.
650 2214 771 2278 Primo
807 2224 890 2295 pars
924 2214 1062 2277 minoris

97 2323 260 2405 probatur
286 2331 357 2384 tum
392 2322 470 2403 quia
500 2324 681 2385 secundum
705 2321 870 2403 passiones
905 2342 972 2383 non
1015 2322 1063 2383 di-

94 2431 206 2493 cimur
229 2429 372 2503 virtuosi,
397 2430 453 2491 sed
476 2430 659 2491 secundum
699 2429 851 2504 virtutes;
890 2437 962 2489 tum
986 2428 1063 2509 quia

95 2537 282 2600 secundum
306 2536 470 2618 passiones
493 2556 552 2598 nec
576 2536 747 2598 laudamur
764 2555 822 2596 nec
838 2534 1061 2616 vituperamur

98 2644 157 2705 sed
181 2645 362 2706 secundum
386 2644 541 2723 virtutes;
572 2652 644 2704 tum
679 2643 755 2724 quia
790 2643 822 2705 in
857 2641 1061 2724 passionibus

95 2770 168 2812 'non
191 2758 240 2812 est
263 2750 385 2825 electi0‚
410 2751 512 2813 virtus
534 2770 611 2812 vero
634 2757 682 2811 est
705 2748 829 2823 electio,
845 2757 903 2810 aut
927 2756 1063 2810 nonest

97 2857 173 2919 sine
195 2857 448 2936 electione3tum
472 2856 548 2939 quia
570 2857 751 2920 secundum
787 2856 951 2937 passiones
985 2854 1060 2917 dici-

95 2984 175 3026 mur
200 2963 333 3037 moveri,
357 2964 537 3026 secundum
564 2963 698 3025 virtutes
722 2983 788 3024 non
813 2982 994 3024 movemur.
1018 2997 1063 3008 —

96 3071 253 3135 Secundo
270 3081 354 3151 pars
376 3070 513 3133 minoris
529 3071 695 3151 probatur,
708 3078 779 3131 tum
792 3069 868 3151 quia
880 3068 1062 3131 secundum

95 3178 262 3261 potentias
284 3199 351 3241 non
374 3177 511 3241 dicimur
535 3177 612 3240 boni
635 3177 686 3239 vel
710 3176 796 3251 mali,
810 3176 867 3238 sed
879 3174 1060 3237 secundum

96 3285 235 3347 virtutes
257 3284 319 3361 sic;
343 3294 415 3347 tum
439 3284 516 3366 quia
538 3283 570 3345 in
595 3281 731 3346 naturali
755 3283 901 3365 potentia
917 3301 976 3343 nec
997 3282 1063 3343 lau·

97 3393 218 3455 damur
241 3411 300 3455 nec
323 3391 555 3472 vituperamur,
579 3389 797 3452 invirtutibus
813 3389 874 3451 sic:
899 3395 971 3448 tum
984 3387 1061 3469 quia

98 3498 254 3561 naturalis
277 3497 423 3580 potentia
453 3497 535 3560 inest
569 3495 662 3559 nobis
685 3518 704 3558 a
728 3505 852 3569 natura,
876 3493 978 3557 virtus
1008 3514 1063 3555 au·

95 3614 166 3669 tem
192 3625 268 3667 non.

107 3756 111 3762 -
166 3710 318 3777 Secundo
361 3706 527 3775 Conclusio
572 3710 739 3792 praedictae
782 3705 978 3773 definitionis
1013 3713 1063 3767 est
