2634 4267
248 280 309 359 398
490 277 563 340 Lrn.
590 278 620 340 II
645 278 939 341 Suuruunrnuu

224 483 268 545 illi
292 494 422 567 peccat;
457 485 515 547 sed
549 485 701 547 voluntas
735 493 846 546 nostra
868 493 1008 565 respectu
1039 482 1087 545 Dei
1104 490 1140 543 est

225 589 432 673 hujusmodi;
456 610 536 672 ergo
559 600 627 666 etc;
651 610 731 673 ergo
754 590 779 652 si
811 611 878 652 non
913 589 1104 652 conformatur
1120 586 1143 649 ei

225 707 348 779 peccat.
374 697 418 759 Et
441 706 519 759 tunc
556 697 639 759 ultra
673 697 734 759 sic:
771 698 861 778 quod
888 706 936 759 est
962 696 1145 777 corruptivum

228 804 305 867 boni
321 803 404 865 illius
415 804 600 866 concordiae
616 824 674 885 per
690 824 791 885 quam
816 812 925 866 nostra
947 804 1079 865 voluntas
1091 822 1147 863 con-

227 909 385 972 formatur
406 910 478 972 Deo
498 920 546 971 est
565 910 790 991 corruptivum
815 910 910 986 boni3
935 910 988 971 sed
1010 916 1149 990 peccatum

227 1025 275 1077 est
299 1015 506 1097 hujusmodi;
530 1037 619 1098 ergo,
640 1028 641 1031 ’

300 1228 524 1314 Quantum
549 1230 614 1295 ad
631 1230 876 1295 neumatum
911 1230 1024 1291 dicitur
1044 1228 1156 1309 quadru-

229 1337 361 1419 pliciter.
386 1336 495 1398 Primo
519 1337 609 1416 quod
640 1346 812 1417 peccatum
836 1344 885 1398 est
919 1336 1073 1417 corruptio
1092 1334 1158 1395 illius

229 1444 306 1506 boni
337 1444 370 1505 in
394 1464 461 1525 quo
491 1453 540 1505 est
563 1442 639 1525 quia
674 1444 727 1505 illa
751 1453 846 1505 nocet
882 1465 938 1525 per
962 1442 1160 1525 Augustinum

228 1570 280 1613 12.
304 1552 343 1613 de
371 1548 441 1613 Cz'v.
473 1550 547 1614 Bri.
581 1551 661 1612 Alio
693 1551 794 1612 modo
829 1551 960 1632 ponitur
994 1550 1077 1632 quod
1105 1567 1162 1629 pec·

228 1667 339 1719 catum
363 1666 411 1718 est
435 1656 659 1738 corruptivum
684 1657 761 1719 boni
785 1657 1043 1738 supernaturalis,
1065 1654 1163 1717 scilieet

229 1764 352 1845 gratiae.
378 1764 488 1825 Tertio
512 1764 643 1845 ponitur
655 1764 745 1845 quod
769 1773 817 1825 est
829 1764 995 1845 corruptio
1018 1762 1165 1825 habituum

231 1870 463 1950 acquisitorum
489 1870 608 1951 quibus
642 1880 827 1951 repugnant
852 1870 982 1933 habitus
1015 1868 1166 1931 virtualiter

233 1977 317 2038 mali.
344 1976 470 2057 Quarto
495 1976 611 2038 dicitur
634 1978 724 2057 quod
740 1986 788 2039 est
811 1978 1036 2059 corruptivum
1058 1994 1168 2038 concor-

232 2083 294 2144 diae
318 2092 351 2145 et
374 2082 573 2145 rectitudinis
597 2104 654 2164 per
677 2103 778 2164 quarn
802 2084 955 2145 voluntas
972 2094 1089 2170 ¹nostra
1109 2101 1166 2143 con

230 2187 389 2251 formatur
413 2189 573 2251 voluntati
597 2189 727 2262 divinae,
751 2199 783 2251 et
806 2210 863 2271 per
888 2189 952 2252 hoc
976 2200 1063 2273 patet
1083 2190 1172 2250 adar·

233 2305 427 2377 gumentum
452 2296 484 2358 in
509 2297 709 2378 oppositum.
