<?xml version="1.0" encoding="UTF-8"?>
<!DOCTYPE html PUBLIC "-//W3C//DTD XHTML 1.0 Transitional//EN"
    "http://www.w3.org/TR/xhtml1/DTD/xhtml1-transitional.dtd">
<html xmlns="http://www.w3.org/1999/xhtml" xml:lang="en" lang="en">
 <head>
  <title>
</title>
<meta http-equiv="Content-Type" content="text/html;charset=utf-8" />
  <meta name='ocr-system' content='tesseract 3.04.00' />
  <meta name='ocr-capabilities' content='ocr_page ocr_carea ocr_par ocr_line ocrx_word'/>
</head>
<body>
  <div class='ocr_page' id='page_1' title='image "./commentariainli00scotgoog_0210.png"; bbox 0 0 2634 4267; ppageno 0'>
   <div class='ocr_carea' id='block_1_1' title="bbox 499 971 999 1083">
    <p class='ocr_par' dir='ltr' id='par_1_1' title="bbox 499 971 999 1083">
     <span class='ocr_line' id='line_1_1' title="bbox 499 971 999 1083; baseline -0.008 -2"><span class='ocrx_word' id='word_1_1' title='bbox 499 973 819 1083; x_wconf 81' lang='lat' dir='ltr'>DIstInetIO</span> <span class='ocrx_word' id='word_1_2' title='bbox 851 971 999 1080; x_wconf 91' lang='lat' dir='ltr'><strong>VIII.</strong></span> 
     </span>
    </p>
   </div>
   <div class='ocr_carea' id='block_1_2' title="bbox 328 1237 1170 1448">
    <p class='ocr_par' dir='ltr' id='par_1_2' title="bbox 328 1237 1170 1448">
     <span class='ocr_line' id='line_1_2' title="bbox 328 1237 1170 1342; baseline -0.017 -20"><span class='ocrx_word' id='word_1_3' title='bbox 328 1241 447 1323; x_wconf 74' lang='lat' dir='ltr'>Solet</span> <span class='ocrx_word' id='word_1_4' title='bbox 476 1244 605 1322; x_wconf 64' lang='lat' dir='ltr'>auam</span> <span class='ocrx_word' id='word_1_5' title='bbox 640 1243 676 1342; x_wconf 72' lang='lat' dir='ltr'>In</span> <span class='ocrx_word' id='word_1_6' title='bbox 712 1242 954 1342; x_wconf 72' lang='lat' dir='ltr'>quaestione</span> <span class='ocrx_word' id='word_1_7' title='bbox 984 1237 1170 1318; x_wconf 68' lang='lat' dir='ltr'>versari..</span> 
     </span>
     <span class='ocr_line' id='line_1_3' title="bbox 386 1365 1116 1448; baseline -0.012 -15"><span class='ocrx_word' id='word_1_8' title='bbox 386 1367 483 1434; x_wconf 85' lang='lat' dir='ltr'>Circa</span> <span class='ocrx_word' id='word_1_9' title='bbox 506 1369 604 1432; x_wconf 84' lang='lat' dir='ltr'>istam</span> <span class='ocrx_word' id='word_1_10' title='bbox 627 1367 880 1431; x_wconf 80' lang='lat' dir='ltr'>Distinctionem</span> <span class='ocrx_word' id='word_1_11' title='bbox 896 1365 930 1430; x_wconf 78' lang='lat'>8.</span> <span class='ocrx_word' id='word_1_12' title='bbox 953 1365 1116 1448; x_wconf 68' lang='lat' dir='ltr'>quaeritur.</span> 
     </span>
    </p>
   </div>
   <div class='ocr_carea' id='block_1_3' title="bbox 520 1527 985 1754">
    <p class='ocr_par' dir='ltr' id='par_1_3' title="bbox 520 1527 985 1754">
     <span class='ocr_line' id='line_1_4' title="bbox 640 1527 866 1608; baseline -0.009 -18"><span class='ocrx_word' id='word_1_13' title='bbox 640 1527 818 1608; x_wconf 71' lang='lat' dir='ltr'>Quasmo</span> <span class='ocrx_word' id='word_1_14' title='bbox 842 1528 866 1589; x_wconf 92' lang='grc' dir='ltr'>Ι.</span> 
     </span>
     <span class='ocr_line' id='line_1_5' title="bbox 520 1684 985 1754; baseline -0.002 -13"><span class='ocrx_word' id='word_1_15' title='bbox 520 1685 627 1742; x_wconf 83' lang='lat' dir='ltr'>Utrum</span> <span class='ocrx_word' id='word_1_16' title='bbox 652 1685 754 1754; x_wconf 70' lang='lat' dir='ltr'>Augen</span> <span class='ocrx_word' id='word_1_17' title='bbox 772 1685 831 1741; x_wconf 72' lang='lat' dir='ltr'>alut</span> <span class='ocrx_word' id='word_1_18' title='bbox 848 1684 985 1754; x_wconf 78' lang='lat' dir='ltr'>uorpureI.</span> 
     </span>
    </p>
   </div>
   <div class='ocr_carea' id='block_1_4' title="bbox 269 1881 1265 2163">
    <p class='ocr_par' dir='ltr' id='par_1_4' title="bbox 269 1881 1265 2163">
     <span class='ocr_line' id='line_1_6' title="bbox 339 1881 1213 1966; baseline -0.011 -18"><span class='ocrx_word' id='word_1_19' title='bbox 339 1883 409 1948; x_wconf 84' lang='lat' dir='ltr'>Sed</span> <span class='ocrx_word' id='word_1_20' title='bbox 427 1884 506 1966; x_wconf 87' lang='lat' dir='ltr'>quia</span> <span class='ocrx_word' id='word_1_21' title='bbox 530 1883 588 1947; x_wconf 79' lang='lat' dir='ltr'>hoc</span> <span class='ocrx_word' id='word_1_22' title='bbox 603 1883 719 1966; x_wconf 78' lang='lat' dir='ltr'>patuit</span> <span class='ocrx_word' id='word_1_23' title='bbox 745 1883 832 1946; x_wconf 86' lang='lat' dir='ltr'>Dist.</span> <span class='ocrx_word' id='word_1_24' title='bbox 852 1902 887 1964; x_wconf 74' lang='lat' dir='ltr'>j.</span> <span class='ocrx_word' id='word_1_25' title='bbox 920 1892 1031 1965; x_wconf 80' lang='lat' dir='ltr'>quaest.</span> <span class='ocrx_word' id='word_1_26' title='bbox 1054 1881 1089 1945; x_wconf 83' lang='lat' dir='ltr'>de</span> <span class='ocrx_word' id='word_1_27' title='bbox 1110 1883 1213 1955; x_wconf 75' lang='lat' dir='ltr'>compo·</span> 
     </span>
     <span class='ocr_line' id='line_1_7' title="bbox 269 1979 1265 2107; baseline -0.009 -52"><span class='ocrx_word' id='word_1_28' title='bbox 269 1991 389 2056; x_wconf 81' lang='lat' dir='ltr'>sitione</span> <span class='ocrx_word' id='word_1_29' title='bbox 409 1991 613 2074; x_wconf 73' lang='lat' dir='ltr'>attgelorum,</span> <span class='ocrx_word' id='word_1_30' title='bbox 641 1979 750 2074; x_wconf 62' lang='lat' dir='ltr'>agitur</span> <span class='ocrx_word' id='word_1_31' title='bbox 770 2011 878 2072; x_wconf 72' lang='lat' dir='ltr'>quare</span> <span class='ocrx_word' id='word_1_32' title='bbox 900 1989 956 2052; x_wconf 83' lang='lat' dir='ltr'>ibi.</span> <span class='ocrx_word' id='word_1_33' title='bbox 982 1987 1119 2053; x_wconf 80' lang='lat' dir='ltr'>Secundo</span> <span class='ocrx_word' id='word_1_34' title='bbox 1139 1997 1210 2064; x_wconf 73' lang='lat' dir='ltr'>quoe·</span> <span class='ocrx_word' id='word_1_35' title='bbox 1264 2019 1265 2107; x_wconf 50' lang='grc' dir='ltr'>Ῑ</span> 
     </span>
     <span class='ocr_line' id='line_1_8' title="bbox 272 2098 380 2163; baseline -0.019 -1"><span class='ocrx_word' id='word_1_36' title='bbox 272 2098 380 2163; x_wconf 81' lang='lat' dir='ltr'>ritur:</span> 
     </span>
    </p>
   </div>
   <div class='ocr_carea' id='block_1_5' title="bbox 630 2257 870 2339">
    <p class='ocr_par' dir='ltr' id='par_1_5' title="bbox 630 2257 1264 2389">
     <span class='ocr_line' id='line_1_9' title="bbox 630 2257 870 2339; baseline -0.013 -16"><span class='ocrx_word' id='word_1_37' title='bbox 630 2257 806 2339; x_wconf 80' lang='lat' dir='ltr'>QuAEsmo</span> <span class='ocrx_word' id='word_1_38' title='bbox 831 2258 870 2320; x_wconf 89' lang='lat'>11.</span> 
     </span>
    </p>
   </div>
   <div class='ocr_carea' id='block_1_6' title="bbox 271 2400 1210 2574">
    <p class='ocr_par' dir='ltr' id='par_1_6' title="bbox 271 2400 1263 2671">
     <span class='ocr_line' id='line_1_10' title="bbox 326 2400 1210 2484; baseline -0.011 -13"><span class='ocrx_word' id='word_1_39' title='bbox 326 2416 434 2472; x_wconf 82' lang='lat' dir='ltr'><strong>Utrum</strong></span> <span class='ocrx_word' id='word_1_40' title='bbox 452 2415 579 2482; x_wconf 69' lang='lat' dir='ltr'>Angelus</span> <span class='ocrx_word' id='word_1_41' title='bbox 597 2415 686 2484; x_wconf 77' lang='lat' dir='ltr'>posslt</span> <span class='ocrx_word' id='word_1_42' title='bbox 703 2429 848 2470; x_wconf 78' lang='lat' dir='ltr'>assumere</span> <span class='ocrx_word' id='word_1_43' title='bbox 857 2429 959 2483; x_wconf 78' lang='lat' dir='ltr'>eorpus</span> <span class='ocrx_word' id='word_1_44' title='bbox 982 2414 1013 2468; x_wconf 88' lang='lat' dir='ltr'>Iu</span> <span class='ocrx_word' id='word_1_45' title='bbox 1031 2428 1085 2482; x_wconf 79' lang='lat' dir='ltr'>quo</span> <span class='ocrx_word' id='word_1_46' title='bbox 1101 2400 1210 2465; x_wconf 63' lang='lat' dir='ltr'>exurunt</span> 
     </span>
     <span class='ocr_line' id='line_1_11' title="bbox 271 2504 452 2574; baseline -0.01 -14"><span class='ocrx_word' id='word_1_47' title='bbox 271 2520 360 2574; x_wconf 79' lang='lat' dir='ltr'>upuru</span> <span class='ocrx_word' id='word_1_48' title='bbox 377 2504 452 2560; x_wconf 79' lang='lat' dir='ltr'><strong>vltae.</strong></span> 
     </span>
    </p>
   </div>
   <div class='ocr_carea' id='block_1_7' title="bbox 274 2644 1262 3796">
    <p class='ocr_par' dir='ltr' id='par_1_7' title="bbox 274 2644 1262 3583">
     <span class='ocr_line' id='line_1_12' title="bbox 341 2644 1262 2736; baseline -0.01 -24"><span class='ocrx_word' id='word_1_49' title='bbox 341 2650 481 2712; x_wconf 89' lang='lat' dir='ltr'>Videtur</span> <span class='ocrx_word' id='word_1_50' title='bbox 504 2651 593 2730; x_wconf 92' lang='lat' dir='ltr'>quod</span> <span class='ocrx_word' id='word_1_51' title='bbox 618 2670 694 2723; x_wconf 89' lang='lat' dir='ltr'>non,</span> <span class='ocrx_word' id='word_1_52' title='bbox 720 2649 795 2730; x_wconf 89' lang='lat' dir='ltr'>quia</span> <span class='ocrx_word' id='word_1_53' title='bbox 819 2658 897 2712; x_wconf 83' lang='lat' dir='ltr'>tunc</span> <span class='ocrx_word' id='word_1_54' title='bbox 921 2648 1056 2711; x_wconf 88' lang='lat' dir='ltr'>haberet</span> <span class='ocrx_word' id='word_1_55' title='bbox 1079 2644 1210 2726; x_wconf 80' lang='lat' dir='ltr'>majorem</span> <span class='ocrx_word' id='word_1_56' title='bbox 1261 2727 1262 2736; x_wconf 11' lang='grc' dir='ltr'>ἦ</span> 
     </span>
     <span class='ocr_line' id='line_1_13' title="bbox 274 2737 1262 2838; baseline -0.004 -20"><span class='ocrx_word' id='word_1_57' title='bbox 274 2756 433 2819; x_wconf 88' lang='lat' dir='ltr'>unitatem</span> <span class='ocrx_word' id='word_1_58' title='bbox 450 2757 492 2818; x_wconf 93' lang='lat' dir='ltr'>ad</span> <span class='ocrx_word' id='word_1_59' title='bbox 508 2777 627 2838; x_wconf 86' lang='lat' dir='ltr'>corpus</span> <span class='ocrx_word' id='word_1_60' title='bbox 638 2765 845 2838; x_wconf 89' lang='lat' dir='ltr'>assumptum</span> <span class='ocrx_word' id='word_1_61' title='bbox 863 2776 964 2837; x_wconf 91' lang='lat' dir='ltr'>quam</span> <span class='ocrx_word' id='word_1_62' title='bbox 981 2756 1023 2817; x_wconf 91' lang='lat' dir='ltr'>ad</span> <span class='ocrx_word' id='word_1_63' title='bbox 1039 2775 1104 2817; x_wconf 92' lang='lat' dir='ltr'>non</span> <span class='ocrx_word' id='word_1_64' title='bbox 1115 2762 1210 2814; x_wconf 76' lang='lat' dir='ltr'>assum·</span> <span class='ocrx_word' id='word_1_65' title='bbox 1261 2737 1262 2740; x_wconf 8' lang='grc' dir='ltr'><strong>Ἴ</strong></span> 
     </span>
     <span class='ocr_line' id='line_1_14' title="bbox 274 2851 1209 2969; baseline -0.012 -44"><span class='ocrx_word' id='word_1_66' title='bbox 274 2871 388 2944; x_wconf 88' lang='lat' dir='ltr'>ptum;</span> <span class='ocrx_word' id='word_1_67' title='bbox 413 2864 469 2925; x_wconf 87' lang='lat' dir='ltr'>sed</span> <span class='ocrx_word' id='word_1_68' title='bbox 501 2863 564 2925; x_wconf 90' lang='lat' dir='ltr'>hoc</span> <span class='ocrx_word' id='word_1_69' title='bbox 596 2884 663 2926; x_wconf 90' lang='lat' dir='ltr'>non</span> <span class='ocrx_word' id='word_1_70' title='bbox 699 2870 807 2944; x_wconf 87' lang='lat' dir='ltr'>potest</span> <span class='ocrx_word' id='word_1_71' title='bbox 815 2882 908 2969; x_wconf 44' lang='lat' dir='ltr'>‘esse</span> <span class='ocrx_word' id='word_1_72' title='bbox 922 2882 980 2923; x_wconf 89' lang='lat' dir='ltr'>nec</span> <span class='ocrx_word' id='word_1_73' title='bbox 1004 2870 1053 2924; x_wconf 88' lang='lat' dir='ltr'>est</span> <span class='ocrx_word' id='word_1_74' title='bbox 1077 2851 1209 2943; x_wconf 84' lang='lat' dir='ltr'>possibile,</span> 
     </span>
     <span class='ocr_line' id='line_1_15' title="bbox 274 2966 1209 3051; baseline -0.003 -21"><span class='ocrx_word' id='word_1_75' title='bbox 274 2969 351 3050; x_wconf 90' lang='lat' dir='ltr'>quia</span> <span class='ocrx_word' id='word_1_76' title='bbox 375 2990 441 3031; x_wconf 90' lang='lat' dir='ltr'>non</span> <span class='ocrx_word' id='word_1_77' title='bbox 465 2978 573 3051; x_wconf 87' lang='lat' dir='ltr'>potest</span> <span class='ocrx_word' id='word_1_78' title='bbox 595 2990 664 3032; x_wconf 90' lang='lat' dir='ltr'>esse</span> <span class='ocrx_word' id='word_1_79' title='bbox 688 2969 777 3031; x_wconf 85' lang='lat' dir='ltr'>istius</span> <span class='ocrx_word' id='word_1_80' title='bbox 801 2968 944 3049; x_wconf 89' lang='lat' dir='ltr'>corporis</span> <span class='ocrx_word' id='word_1_81' title='bbox 960 2966 1076 3041; x_wconf 86' lang='lat' dir='ltr'>forma,</span> <span class='ocrx_word' id='word_1_82' title='bbox 1099 2985 1152 3029; x_wconf 91' lang='lat' dir='ltr'>nec</span> <span class='ocrx_word' id='word_1_83' title='bbox 1167 2978 1209 3042; x_wconf 78' lang='lat' dir='ltr'>po·</span> 
     </span>
     <span class='ocr_line' id='line_1_16' title="bbox 274 3072 1209 3157; baseline -0.006 -21"><span class='ocrx_word' id='word_1_84' title='bbox 274 3084 337 3139; x_wconf 85' lang='lat' dir='ltr'>test</span> <span class='ocrx_word' id='word_1_85' title='bbox 360 3077 481 3139; x_wconf 87' lang='lat' dir='ltr'>assumi</span> <span class='ocrx_word' id='word_1_86' title='bbox 504 3076 546 3139; x_wconf 88' lang='lat' dir='ltr'>ab</span> <span class='ocrx_word' id='word_1_87' title='bbox 569 3097 609 3139; x_wconf 89' lang='lat' dir='ltr'>eo</span> <span class='ocrx_word' id='word_1_88' title='bbox 633 3077 665 3139; x_wconf 92' lang='lat' dir='ltr'>in</span> <span class='ocrx_word' id='word_1_89' title='bbox 690 3076 812 3139; x_wconf 86' lang='lat' dir='ltr'>unitate</span> <span class='ocrx_word' id='word_1_90' title='bbox 828 3073 986 3157; x_wconf 90' lang='lat' dir='ltr'><strong>suppositi</strong></span> <span class='ocrx_word' id='word_1_91' title='bbox 1003 3075 1086 3137; x_wconf 85' lang='lat' dir='ltr'>sicut</span> <span class='ocrx_word' id='word_1_92' title='bbox 1100 3072 1209 3136; x_wconf 82' lang='lat' dir='ltr'>verbum</span> 
     </span>
     <span class='ocr_line' id='line_1_17' title="bbox 275 3165 1261 3266; baseline -0.006 -22"><span class='ocrx_word' id='word_1_93' title='bbox 275 3182 422 3244; x_wconf 90' lang='lat' dir='ltr'>divinum</span> <span class='ocrx_word' id='word_1_94' title='bbox 439 3183 615 3266; x_wconf 86' lang='lat' dir='ltr'>assumpsit</span> <span class='ocrx_word' id='word_1_95' title='bbox 634 3183 814 3244; x_wconf 84' lang='lat' dir='ltr'>humanam</span> <span class='ocrx_word' id='word_1_96' title='bbox 831 3191 996 3258; x_wconf 88' lang='lat' dir='ltr'>naturam;</span> <span class='ocrx_word' id='word_1_97' title='bbox 1021 3201 1100 3264; x_wconf 85' lang='lat' dir='ltr'>ergo</span> <span class='ocrx_word' id='word_1_98' title='bbox 1122 3186 1162 3242; x_wconf 88' lang='lat' dir='ltr'>est</span> <span class='ocrx_word' id='word_1_99' title='bbox 1179 3169 1209 3234; x_wconf 71' lang='lat' dir='ltr'>ibi</span> <span class='ocrx_word' id='word_1_100' title='bbox 1260 3165 1261 3235; x_wconf 80' lang='lat' dir='ltr'><strong>i</strong></span> 
     </span>
     <span class='ocr_line' id='line_1_18' title="bbox 274 3278 1211 3351; baseline -0.005 -1"><span class='ocrx_word' id='word_1_101' title='bbox 274 3297 405 3351; x_wconf 87' lang='lat' dir='ltr'>tantum</span> <span class='ocrx_word' id='word_1_102' title='bbox 438 3290 543 3351; x_wconf 89' lang='lat' dir='ltr'>unitas</span> <span class='ocrx_word' id='word_1_103' title='bbox 574 3289 657 3351; x_wconf 86' lang='lat' dir='ltr'>sicut</span> <span class='ocrx_word' id='word_1_104' title='bbox 681 3289 815 3350; x_wconf 85' lang='lat' dir='ltr'>motoris</span> <span class='ocrx_word' id='word_1_105' title='bbox 841 3289 883 3350; x_wconf 85' lang='lat' dir='ltr'>ad</span> <span class='ocrx_word' id='word_1_106' title='bbox 919 3287 1049 3350; x_wconf 89' lang='lat' dir='ltr'>mobile.</span> <span class='ocrx_word' id='word_1_107' title='bbox 1079 3287 1140 3350; x_wconf 86' lang='lat' dir='ltr'>Sed</span> <span class='ocrx_word' id='word_1_108' title='bbox 1158 3278 1211 3345; x_wconf 82' lang='lat' dir='ltr'>talis</span> 
     </span>
     <span class='ocr_line' id='line_1_19' title="bbox 276 3395 1210 3477; baseline -0.009 -21"><span class='ocrx_word' id='word_1_109' title='bbox 276 3395 383 3456; x_wconf 90' lang='lat' dir='ltr'>unitas</span> <span class='ocrx_word' id='word_1_110' title='bbox 414 3404 522 3477; x_wconf 89' lang='lat' dir='ltr'>potest</span> <span class='ocrx_word' id='word_1_111' title='bbox 544 3415 613 3457; x_wconf 91' lang='lat' dir='ltr'>esse</span> <span class='ocrx_word' id='word_1_112' title='bbox 644 3395 751 3476; x_wconf 84' lang='lat' dir='ltr'><strong>angeli</strong></span> <span class='ocrx_word' id='word_1_113' title='bbox 783 3395 826 3456; x_wconf 91' lang='lat' dir='ltr'>ad</span> <span class='ocrx_word' id='word_1_114' title='bbox 862 3415 983 3476; x_wconf 87' lang='lat' dir='ltr'>corpus</span> <span class='ocrx_word' id='word_1_115' title='bbox 1019 3415 1085 3457; x_wconf 90' lang='lat' dir='ltr'>non</span> <span class='ocrx_word' id='word_1_116' title='bbox 1117 3406 1210 3455; x_wconf 88' lang='lat' dir='ltr'>assum·</span> 
     </span>
     <span class='ocr_line' id='line_1_20' title="bbox 276 3481 904 3583; baseline -0.002 -20"><span class='ocrx_word' id='word_1_117' title='bbox 276 3510 373 3583; x_wconf 87' lang='lat' dir='ltr'>ptum</span> <span class='ocrx_word' id='word_1_118' title='bbox 399 3511 434 3564; x_wconf 92' lang='lat' dir='ltr'>ut</span> <span class='ocrx_word' id='word_1_119' title='bbox 457 3502 499 3563; x_wconf 89' lang='lat' dir='ltr'>ad</span> <span class='ocrx_word' id='word_1_120' title='bbox 523 3502 645 3564; x_wconf 88' lang='lat' dir='ltr'>coelum</span> <span class='ocrx_word' id='word_1_121' title='bbox 669 3503 760 3583; x_wconf 91' lang='lat' dir='ltr'>quod</span> <span class='ocrx_word' id='word_1_122' title='bbox 784 3481 904 3564; x_wconf 87' lang='lat' dir='ltr'>movet.</span> 
     </span>
    </p>

    <p class='ocr_par' dir='ltr' id='par_1_8' title="bbox 276 3609 1210 3796">
     <span class='ocr_line' id='line_1_21' title="bbox 345 3609 1209 3689; baseline 0 -19"><span class='ocrx_word' id='word_1_123' title='bbox 345 3625 375 3669; x_wconf 91' lang='lat'>2.</span> <span class='ocrx_word' id='word_1_124' title='bbox 400 3610 570 3682; x_wconf 74' lang='lat' dir='ltr'>Praeterea,</span> <span class='ocrx_word' id='word_1_125' title='bbox 594 3618 652 3670; x_wconf 85' lang='lat' dir='ltr'>aut</span> <span class='ocrx_word' id='word_1_126' title='bbox 682 3617 862 3671; x_wconf 88' lang='lat' dir='ltr'>assumeret</span> <span class='ocrx_word' id='word_1_127' title='bbox 892 3628 1012 3689; x_wconf 87' lang='lat' dir='ltr'>corpus</span> <span class='ocrx_word' id='word_1_128' title='bbox 1035 3609 1209 3671; x_wconf 71' lang='lat' dir='ltr'>elementum</span> 
     </span>
     <span class='ocr_line' id='line_1_22' title="bbox 276 3711 1210 3796; baseline -0.005 -23"><span class='ocrx_word' id='word_1_129' title='bbox 276 3719 309 3773; x_wconf 87' lang='lat' dir='ltr'>et</span> <span class='ocrx_word' id='word_1_130' title='bbox 334 3711 398 3774; x_wconf 87' lang='lat' dir='ltr'>hoc</span> <span class='ocrx_word' id='word_1_131' title='bbox 421 3734 497 3787; x_wconf 88' lang='lat' dir='ltr'>non,</span> <span class='ocrx_word' id='word_1_132' title='bbox 522 3714 600 3793; x_wconf 91' lang='lat' dir='ltr'>quia</span> <span class='ocrx_word' id='word_1_133' title='bbox 623 3714 702 3776; x_wconf 91' lang='lat' dir='ltr'><strong>illud</strong></span> <span class='ocrx_word' id='word_1_134' title='bbox 726 3735 791 3776; x_wconf 89' lang='lat' dir='ltr'>non</span> <span class='ocrx_word' id='word_1_135' title='bbox 823 3723 1001 3777; x_wconf 84' lang='lat' dir='ltr'>assumeret</span> <span class='ocrx_word' id='word_1_136' title='bbox 1024 3712 1158 3796; x_wconf 88' lang='lat' dir='ltr'>corporis</span> <span class='ocrx_word' id='word_1_137' title='bbox 1174 3727 1210 3769; x_wconf 89' lang='lat' dir='ltr'>ac·</span> 
     </span>
    </p>
   </div>
   <div class='ocr_carea' id='block_1_8' title="bbox 0 0 1338 4267">
    <p class='ocr_par' dir='ltr' id='par_1_9' title="bbox 0 0 1338 4267">
     <span class='ocr_line' id='line_1_23' title="bbox 0 0 1338 4267; baseline 0 0"><span class='ocrx_word' id='word_1_138' title='bbox 0 0 1338 4267; x_wconf 95' lang='lat' dir='ltr'> </span> 
     </span>
    </p>
   </div>
  </div>
 </body>
</html>
