<?xml version="1.0" encoding="UTF-8"?>
<!DOCTYPE html PUBLIC "-//W3C//DTD XHTML 1.0 Transitional//EN"
    "http://www.w3.org/TR/xhtml1/DTD/xhtml1-transitional.dtd">
<html xmlns="http://www.w3.org/1999/xhtml" xml:lang="en" lang="en">
 <head>
  <title>
</title>
<meta http-equiv="Content-Type" content="text/html;charset=utf-8" />
  <meta name='ocr-system' content='tesseract 3.04.00' />
  <meta name='ocr-capabilities' content='ocr_page ocr_carea ocr_par ocr_line ocrx_word'/>
</head>
<body>
  <div class='ocr_page' id='page_1' title='image "./commentariainli00scotgoog_0181.png"; bbox 0 0 2634 4267; ppageno 0'>
   <div class='ocr_carea' id='block_1_1' title="bbox 352 190 1086 274">
    <p class='ocr_par' dir='ltr' id='par_1_1' title="bbox 352 190 1086 274">
     <span class='ocr_line' id='line_1_1' title="bbox 352 190 1086 274; baseline -0.001 -20"><span class='ocrx_word' id='word_1_1' title='bbox 352 194 538 256; x_wconf 78' lang='lat' dir='ltr'>Drsmncr.</span> <span class='ocrx_word' id='word_1_2' title='bbox 562 192 611 254; x_wconf 88' lang='lat' dir='ltr'>IV</span> <span class='ocrx_word' id='word_1_3' title='bbox 635 190 780 274; x_wconf 75' lang='lat' dir='ltr'>Qumsr.</span> <span class='ocrx_word' id='word_1_4' title='bbox 806 192 820 252; x_wconf 87' lang='lat'>1</span> <span class='ocrx_word' id='word_1_5' title='bbox 1025 192 1086 271; x_wconf 87' lang='lat'>169</span> 
     </span>
    </p>
   </div>
   <div class='ocr_carea' id='block_1_2' title="bbox 137 377 1110 1112">
    <p class='ocr_par' dir='ltr' id='par_1_2' title="bbox 137 377 1107 586">
     <span class='ocr_line' id='line_1_2' title="bbox 137 377 1107 480; baseline -0.001 -19"><span class='ocrx_word' id='word_1_6' title='bbox 137 409 219 461; x_wconf 88' lang='lat' dir='ltr'>sunt</span> <span class='ocrx_word' id='word_1_7' title='bbox 243 398 416 460; x_wconf 87' lang='lat' dir='ltr'>contrariae</span> <span class='ocrx_word' id='word_1_8' title='bbox 442 397 618 480; x_wconf 85' lang='lat' dir='ltr'>opiniones,</span> <span class='ocrx_word' id='word_1_9' title='bbox 643 392 729 465; x_wconf 82' lang='lat' dir='ltr'>Una</span> <span class='ocrx_word' id='word_1_10' title='bbox 745 396 838 479; x_wconf 90' lang='lat' dir='ltr'>ponit</span> <span class='ocrx_word' id='word_1_11' title='bbox 861 377 950 478; x_wconf 73' lang='lat' dir='ltr'>quod</span> <span class='ocrx_word' id='word_1_12' title='bbox 975 417 1050 471; x_wconf 87' lang='lat' dir='ltr'>non,</span> <span class='ocrx_word' id='word_1_13' title='bbox 1075 406 1107 460; x_wconf 90' lang='lat' dir='ltr'>et</span> 
     </span>
     <span class='ocr_line' id='line_1_3' title="bbox 138 503 945 586; baseline -0.004 -19"><span class='ocrx_word' id='word_1_14' title='bbox 138 507 183 567; x_wconf 88' lang='lat' dir='ltr'>ad</span> <span class='ocrx_word' id='word_1_15' title='bbox 208 505 276 567; x_wconf 92' lang='lat' dir='ltr'>hoc</span> <span class='ocrx_word' id='word_1_16' title='bbox 299 505 508 586; x_wconf 89' lang='lat' dir='ltr'>probandum</span> <span class='ocrx_word' id='word_1_17' title='bbox 532 513 607 586; x_wconf 83' lang='lat' dir='ltr'>sunt</span> <span class='ocrx_word' id='word_1_18' title='bbox 630 504 766 565; x_wconf 84' lang='lat' dir='ltr'>diversae</span> <span class='ocrx_word' id='word_1_19' title='bbox 790 503 945 565; x_wconf 87' lang='lat' dir='ltr'>rationes:</span> 
     </span>
    </p>

    <p class='ocr_par' dir='ltr' id='par_1_3' title="bbox 138 609 1110 1013">
     <span class='ocr_line' id='line_1_4' title="bbox 209 609 1108 693; baseline -0.002 -18"><span class='ocrx_word' id='word_1_20' title='bbox 209 611 312 675; x_wconf 84' lang='lat' dir='ltr'>Ratio</span> <span class='ocrx_word' id='word_1_21' title='bbox 336 612 488 693; x_wconf 90' lang='lat' dir='ltr'>Hugonis</span> <span class='ocrx_word' id='word_1_22' title='bbox 518 611 590 673; x_wconf 83' lang='lat' dir='ltr'>Lib.</span> <span class='ocrx_word' id='word_1_23' title='bbox 614 629 644 673; x_wconf 82' lang='grc' dir='ltr'>Ι.</span> <span class='ocrx_word' id='word_1_24' title='bbox 681 611 719 673; x_wconf 77' lang='lat' dir='ltr'>de</span> <span class='ocrx_word' id='word_1_25' title='bbox 755 609 989 682; x_wconf 78' lang='lat' dir='ltr'>Sacramentis,</span> <span class='ocrx_word' id='word_1_26' title='bbox 1031 610 1108 673; x_wconf 91' lang='lat' dir='ltr'>dicit</span> 
     </span>
     <span class='ocr_line' id='line_1_5' title="bbox 138 717 1110 800; baseline -0.002 -19"><span class='ocrx_word' id='word_1_27' title='bbox 138 719 235 800; x_wconf 93' lang='lat' dir='ltr'>quod</span> <span class='ocrx_word' id='word_1_28' title='bbox 260 727 433 800; x_wconf 88' lang='lat' dir='ltr'>peccatum</span> <span class='ocrx_word' id='word_1_29' title='bbox 458 717 602 780; x_wconf 87' lang='lat' dir='ltr'>consistit</span> <span class='ocrx_word' id='word_1_30' title='bbox 625 717 657 778; x_wconf 92' lang='lat' dir='ltr'>in</span> <span class='ocrx_word' id='word_1_31' title='bbox 674 726 747 779; x_wconf 88' lang='lat' dir='ltr'>actu</span> <span class='ocrx_word' id='word_1_32' title='bbox 764 717 957 794; x_wconf 88' lang='lat' dir='ltr'>voluntatis;</span> <span class='ocrx_word' id='word_1_33' title='bbox 982 718 1039 779; x_wconf 88' lang='lat' dir='ltr'>sed</span> <span class='ocrx_word' id='word_1_34' title='bbox 1059 738 1110 779; x_wconf 89' lang='lat' dir='ltr'>ac-</span> 
     </span>
     <span class='ocr_line' id='line_1_6' title="bbox 140 823 1107 906; baseline -0.001 -19"><span class='ocrx_word' id='word_1_35' title='bbox 140 835 195 887; x_wconf 90' lang='lat' dir='ltr'>tus</span> <span class='ocrx_word' id='word_1_36' title='bbox 219 824 400 887; x_wconf 88' lang='lat' dir='ltr'>voluntatis</span> <span class='ocrx_word' id='word_1_37' title='bbox 423 845 499 886; x_wconf 89' lang='lat' dir='ltr'>cum</span> <span class='ocrx_word' id='word_1_38' title='bbox 515 825 555 886; x_wconf 93' lang='lat' dir='ltr'>sit</span> <span class='ocrx_word' id='word_1_39' title='bbox 578 845 598 886; x_wconf 92' lang='lat' dir='ltr'>a</span> <span class='ocrx_word' id='word_1_40' title='bbox 613 824 760 906; x_wconf 87' lang='lat' dir='ltr'>potentia</span> <span class='ocrx_word' id='word_1_41' title='bbox 784 823 884 898; x_wconf 86' lang='lat' dir='ltr'>finita,</span> <span class='ocrx_word' id='word_1_42' title='bbox 902 833 1107 886; x_wconf 84' lang='lat' dir='ltr'>mensuratur</span> 
     </span>
     <span class='ocr_line' id='line_1_7' title="bbox 140 930 1084 1013; baseline -0.001 -20"><span class='ocrx_word' id='word_1_43' title='bbox 140 941 311 1013; x_wconf 88' lang='lat' dir='ltr'>tempore;</span> <span class='ocrx_word' id='word_1_44' title='bbox 337 951 417 1012; x_wconf 89' lang='lat' dir='ltr'>ergo</span> <span class='ocrx_word' id='word_1_45' title='bbox 441 931 485 993; x_wconf 90' lang='lat' dir='ltr'>sic</span> <span class='ocrx_word' id='word_1_46' title='bbox 509 951 574 993; x_wconf 94' lang='lat' dir='ltr'>non</span> <span class='ocrx_word' id='word_1_47' title='bbox 599 931 707 1011; x_wconf 90' lang='lat' dir='ltr'>potuit</span> <span class='ocrx_word' id='word_1_48' title='bbox 730 951 863 1011; x_wconf 87' lang='lat' dir='ltr'>peccare</span> <span class='ocrx_word' id='word_1_49' title='bbox 887 930 918 992; x_wconf 92' lang='lat' dir='ltr'>in</span> <span class='ocrx_word' id='word_1_50' title='bbox 943 931 1084 993; x_wconf 87' lang='lat' dir='ltr'>instanti.</span> 
     </span>
    </p>

    <p class='ocr_par' dir='ltr' id='par_1_4' title="bbox 210 1037 1108 1112">
     <span class='ocr_line' id='line_1_8' title="bbox 210 1037 1108 1112; baseline -0.002 -12"><span class='ocrx_word' id='word_1_51' title='bbox 210 1039 385 1112; x_wconf 86' lang='lat' dir='ltr'>Praeterea,</span> <span class='ocrx_word' id='word_1_52' title='bbox 411 1037 589 1099; x_wconf 87' lang='lat' dir='ltr'>Anselmus</span> <span class='ocrx_word' id='word_1_53' title='bbox 613 1037 740 1098; x_wconf 89' lang='lat' dir='ltr'>videtur</span> <span class='ocrx_word' id='word_1_54' title='bbox 764 1037 883 1100; x_wconf 83' lang='lat' dir='ltr'>addere</span> <span class='ocrx_word' id='word_1_55' title='bbox 905 1037 947 1098; x_wconf 85' lang='lat' dir='ltr'>ad</span> <span class='ocrx_word' id='word_1_56' title='bbox 970 1038 1108 1099; x_wconf 89' lang='lat' dir='ltr'>eandem</span> 
     </span>
    </p>
   </div>
   <div class='ocr_carea' id='block_1_3' title="bbox 140 1144 1222 1212">
    <p class='ocr_par' dir='ltr' id='par_1_5' title="bbox 140 1144 1222 1212">
     <span class='ocr_line' id='line_1_9' title="bbox 140 1144 1222 1212; baseline -0.001 -5"><span class='ocrx_word' id='word_1_57' title='bbox 140 1145 390 1208; x_wconf 86' lang='lat' dir='ltr'>conclusionem</span> <span class='ocrx_word' id='word_1_58' title='bbox 414 1145 495 1205; x_wconf 88' lang='lat' dir='ltr'>duas</span> <span class='ocrx_word' id='word_1_59' title='bbox 522 1144 662 1206; x_wconf 86' lang='lat' dir='ltr'>rationes</span> <span class='ocrx_word' id='word_1_60' title='bbox 689 1144 766 1205; x_wconf 85' lang='lat' dir='ltr'>alias</span> <span class='ocrx_word' id='word_1_61' title='bbox 789 1144 860 1206; x_wconf 82' lang='lat' dir='ltr'>Lib.</span> <span class='ocrx_word' id='word_1_62' title='bbox 882 1145 920 1206; x_wconf 81' lang='lat' dir='ltr'>de</span> <span class='ocrx_word' id='word_1_63' title='bbox 939 1165 1015 1206; x_wconf 78' lang='lat' dir='ltr'>casu</span> <span class='ocrx_word' id='word_1_64' title='bbox 1039 1144 1110 1207; x_wconf 77' lang='lat' dir='ltr'>dia·</span> <span class='ocrx_word' id='word_1_65' title='bbox 1217 1201 1222 1212; x_wconf 75' lang='grc'><strong><em>,</em></strong></span> 
     </span>
    </p>
   </div>
   <div class='ocr_carea' id='block_1_4' title="bbox 139 1250 1113 3676">
    <p class='ocr_par' dir='ltr' id='par_1_6' title="bbox 139 1250 1111 2613">
     <span class='ocr_line' id='line_1_10' title="bbox 140 1250 1109 1332; baseline -0.001 -18"><span class='ocrx_word' id='word_1_66' title='bbox 140 1252 210 1315; x_wconf 80' lang='lat' dir='ltr'>boli</span> <span class='ocrx_word' id='word_1_67' title='bbox 231 1273 258 1316; x_wconf 89' lang='lat' dir='ltr'>c.</span> <span class='ocrx_word' id='word_1_68' title='bbox 286 1268 316 1330; x_wconf 86' lang='lat'>3.</span> <span class='ocrx_word' id='word_1_69' title='bbox 340 1287 385 1297; x_wconf 98' lang='lat'>—</span> <span class='ocrx_word' id='word_1_70' title='bbox 407 1251 526 1313; x_wconf 82' lang='lat' dir='ltr'>Prima</span> <span class='ocrx_word' id='word_1_71' title='bbox 549 1260 598 1312; x_wconf 90' lang='lat' dir='ltr'>est</span> <span class='ocrx_word' id='word_1_72' title='bbox 629 1250 699 1314; x_wconf 90' lang='lat' dir='ltr'>illa:</span> <span class='ocrx_word' id='word_1_73' title='bbox 732 1251 867 1332; x_wconf 84' lang='lat' dir='ltr'>angelus</span> <span class='ocrx_word' id='word_1_74' title='bbox 898 1271 963 1313; x_wconf 93' lang='lat' dir='ltr'>non</span> <span class='ocrx_word' id='word_1_75' title='bbox 1003 1252 1109 1332; x_wconf 87' lang='lat' dir='ltr'>potuit</span> 
     </span>
     <span class='ocr_line' id='line_1_11' title="bbox 139 1356 1109 1440; baseline 0 -20"><span class='ocrx_word' id='word_1_76' title='bbox 139 1379 281 1440; x_wconf 70' lang='lat' dir='ltr'>⁴peccare</span> <span class='ocrx_word' id='word_1_77' title='bbox 304 1356 364 1419; x_wconf 92' lang='lat' dir='ltr'>nisi</span> <span class='ocrx_word' id='word_1_78' title='bbox 388 1378 445 1439; x_wconf 92' lang='lat' dir='ltr'>per</span> <span class='ocrx_word' id='word_1_79' title='bbox 468 1357 569 1432; x_wconf 90' lang='lat' dir='ltr'>velle;</span> <span class='ocrx_word' id='word_1_80' title='bbox 594 1357 650 1418; x_wconf 86' lang='lat' dir='ltr'>sed</span> <span class='ocrx_word' id='word_1_81' title='bbox 675 1357 817 1438; x_wconf 92' lang='lat' dir='ltr'>primum</span> <span class='ocrx_word' id='word_1_82' title='bbox 841 1358 922 1420; x_wconf 89' lang='lat' dir='ltr'>velle</span> <span class='ocrx_word' id='word_1_83' title='bbox 938 1358 1044 1439; x_wconf 83' lang='lat' dir='ltr'>angeli</span> <span class='ocrx_word' id='word_1_84' title='bbox 1061 1367 1109 1420; x_wconf 89' lang='lat' dir='ltr'>est</span> 
     </span>
     <span class='ocr_line' id='line_1_12' title="bbox 142 1464 1109 1546; baseline -0.002 -18"><span class='ocrx_word' id='word_1_85' title='bbox 142 1487 162 1527; x_wconf 90' lang='lat' dir='ltr'>a</span> <span class='ocrx_word' id='word_1_86' title='bbox 185 1467 263 1528; x_wconf 95' lang='lat' dir='ltr'>Deo</span> <span class='ocrx_word' id='word_1_87' title='bbox 287 1485 353 1526; x_wconf 94' lang='lat' dir='ltr'>non</span> <span class='ocrx_word' id='word_1_88' title='bbox 378 1464 419 1525; x_wconf 88' lang='lat' dir='ltr'>ab</span> <span class='ocrx_word' id='word_1_89' title='bbox 435 1464 570 1545; x_wconf 88' lang='lat' dir='ltr'>angelo;</span> <span class='ocrx_word' id='word_1_90' title='bbox 588 1484 677 1546; x_wconf 83' lang='lat' dir='ltr'>ergo,</span> <span class='ocrx_word' id='word_1_91' title='bbox 695 1464 846 1525; x_wconf 88' lang='lat' dir='ltr'>Probatio</span> <span class='ocrx_word' id='word_1_92' title='bbox 863 1464 1011 1535; x_wconf 79' lang='lat' dir='ltr'>minoris,</span> <span class='ocrx_word' id='word_1_93' title='bbox 1032 1465 1109 1545; x_wconf 86' lang='lat' dir='ltr'>quia</span> 
     </span>
     <span class='ocr_line' id='line_1_13' title="bbox 141 1569 1106 1653; baseline -0.001 -19"><span class='ocrx_word' id='word_1_94' title='bbox 141 1573 168 1634; x_wconf 91' lang='lat' dir='ltr'>si</span> <span class='ocrx_word' id='word_1_95' title='bbox 193 1573 340 1653; x_wconf 91' lang='lat' dir='ltr'>primurn</span> <span class='ocrx_word' id='word_1_96' title='bbox 365 1571 446 1633; x_wconf 91' lang='lat' dir='ltr'>velle</span> <span class='ocrx_word' id='word_1_97' title='bbox 469 1569 567 1633; x_wconf 89' lang='lat' dir='ltr'>habet</span> <span class='ocrx_word' id='word_1_98' title='bbox 587 1570 737 1650; x_wconf 73' lang='lat' dir='ltr'>aseipso</span> <span class='ocrx_word' id='word_1_99' title='bbox 754 1579 811 1632; x_wconf 87' lang='lat' dir='ltr'>aut</span> <span class='ocrx_word' id='word_1_100' title='bbox 835 1570 897 1633; x_wconf 93' lang='lat' dir='ltr'>hoc</span> <span class='ocrx_word' id='word_1_101' title='bbox 914 1579 961 1632; x_wconf 90' lang='lat' dir='ltr'>est</span> <span class='ocrx_word' id='word_1_102' title='bbox 985 1572 1106 1646; x_wconf 68' lang='lat' dir='ltr'>volens</span> 
     </span>
     <span class='ocr_line' id='line_1_14' title="bbox 143 1677 1106 1759; baseline -0.001 -19"><span class='ocrx_word' id='word_1_103' title='bbox 143 1688 202 1741; x_wconf 86' lang='lat' dir='ltr'>aut</span> <span class='ocrx_word' id='word_1_104' title='bbox 215 1679 343 1754; x_wconf 88' lang='lat' dir='ltr'>nolens;</span> <span class='ocrx_word' id='word_1_105' title='bbox 359 1677 384 1738; x_wconf 93' lang='lat' dir='ltr'>si</span> <span class='ocrx_word' id='word_1_106' title='bbox 398 1678 518 1751; x_wconf 91' lang='lat' dir='ltr'>nolens,</span> <span class='ocrx_word' id='word_1_107' title='bbox 536 1699 614 1759; x_wconf 87' lang='lat' dir='ltr'>ergo</span> <span class='ocrx_word' id='word_1_108' title='bbox 627 1677 706 1738; x_wconf 93' lang='lat' dir='ltr'>illud</span> <span class='ocrx_word' id='word_1_109' title='bbox 719 1698 783 1739; x_wconf 95' lang='lat' dir='ltr'>non</span> <span class='ocrx_word' id='word_1_110' title='bbox 799 1686 847 1739; x_wconf 92' lang='lat' dir='ltr'>est</span> <span class='ocrx_word' id='word_1_111' title='bbox 860 1677 1003 1758; x_wconf 93' lang='lat' dir='ltr'>primum</span> <span class='ocrx_word' id='word_1_112' title='bbox 1016 1678 1106 1739; x_wconf 88' lang='lat' dir='ltr'>velle:</span> 
     </span>
     <span class='ocr_line' id='line_1_15' title="bbox 143 1783 1108 1865; baseline 0 -19"><span class='ocrx_word' id='word_1_113' title='bbox 143 1785 170 1846; x_wconf 92' lang='lat' dir='ltr'>si</span> <span class='ocrx_word' id='word_1_114' title='bbox 186 1784 313 1857; x_wconf 67' lang='lat' dir='ltr'>volens</span> <span class='ocrx_word' id='word_1_115' title='bbox 338 1804 417 1865; x_wconf 88' lang='lat' dir='ltr'>ergo</span> <span class='ocrx_word' id='word_1_116' title='bbox 440 1783 502 1846; x_wconf 91' lang='lat' dir='ltr'>alio</span> <span class='ocrx_word' id='word_1_117' title='bbox 525 1785 607 1845; x_wconf 89' lang='lat' dir='ltr'>velle</span> <span class='ocrx_word' id='word_1_118' title='bbox 630 1784 751 1857; x_wconf 90' lang='lat' dir='ltr'>volens,</span> <span class='ocrx_word' id='word_1_119' title='bbox 776 1783 860 1864; x_wconf 80' lang='lat' dir='ltr'>quia</span> <span class='ocrx_word' id='word_1_120' title='bbox 876 1783 945 1845; x_wconf 90' lang='lat' dir='ltr'>vult</span> <span class='ocrx_word' id='word_1_121' title='bbox 969 1804 1002 1844; x_wconf 89' lang='lat' dir='ltr'>se</span> <span class='ocrx_word' id='word_1_122' title='bbox 1017 1784 1108 1859; x_wconf 90' lang='lat' dir='ltr'>velle;</span> 
     </span>
     <span class='ocr_line' id='line_1_16' title="bbox 143 1890 1109 1971; baseline -0.001 -18"><span class='ocrx_word' id='word_1_123' title='bbox 143 1901 178 1954; x_wconf 88' lang='lat' dir='ltr'>et</span> <span class='ocrx_word' id='word_1_124' title='bbox 201 1901 283 1952; x_wconf 88' lang='lat' dir='ltr'>tunc</span> <span class='ocrx_word' id='word_1_125' title='bbox 307 1911 453 1971; x_wconf 86' lang='lat' dir='ltr'>quaeram</span> <span class='ocrx_word' id='word_1_126' title='bbox 467 1891 507 1952; x_wconf 88' lang='lat' dir='ltr'>de</span> <span class='ocrx_word' id='word_1_127' title='bbox 530 1891 583 1951; x_wconf 90' lang='lat' dir='ltr'>illo</span> <span class='ocrx_word' id='word_1_128' title='bbox 600 1890 682 1952; x_wconf 89' lang='lat' dir='ltr'>sicut</span> <span class='ocrx_word' id='word_1_129' title='bbox 705 1890 746 1952; x_wconf 90' lang='lat' dir='ltr'>de</span> <span class='ocrx_word' id='word_1_130' title='bbox 769 1891 876 1971; x_wconf 87' lang='lat' dir='ltr'>priori,</span> <span class='ocrx_word' id='word_1_131' title='bbox 901 1899 934 1952; x_wconf 93' lang='lat' dir='ltr'>et</span> <span class='ocrx_word' id='word_1_132' title='bbox 957 1890 1036 1952; x_wconf 84' lang='lat' dir='ltr'>tunc</span> <span class='ocrx_word' id='word_1_133' title='bbox 1059 1891 1109 1952; x_wconf 89' lang='lat' dir='ltr'>vel</span> 
     </span>
     <span class='ocr_line' id='line_1_17' title="bbox 143 1996 1109 2078; baseline 0 -18"><span class='ocrx_word' id='word_1_134' title='bbox 143 1999 204 2060; x_wconf 92' lang='lat' dir='ltr'>erit</span> <span class='ocrx_word' id='word_1_135' title='bbox 228 2017 400 2078; x_wconf 86' lang='lat' dir='ltr'>processus</span> <span class='ocrx_word' id='word_1_136' title='bbox 422 1997 455 2058; x_wconf 94' lang='lat' dir='ltr'>in</span> <span class='ocrx_word' id='word_1_137' title='bbox 478 1996 640 2058; x_wconf 86' lang='lat' dir='ltr'>infinitum</span> <span class='ocrx_word' id='word_1_138' title='bbox 665 1997 696 2059; x_wconf 94' lang='lat' dir='ltr'>in</span> <span class='ocrx_word' id='word_1_139' title='bbox 713 1997 838 2059; x_wconf 87' lang='lat' dir='ltr'>actibus</span> <span class='ocrx_word' id='word_1_140' title='bbox 855 1997 1040 2070; x_wconf 83' lang='lat' dir='ltr'>voluntatis,</span> <span class='ocrx_word' id='word_1_141' title='bbox 1058 1998 1109 2061; x_wconf 84' lang='lat' dir='ltr'>vel</span> 
     </span>
     <span class='ocr_line' id='line_1_18' title="bbox 143 2104 1108 2186; baseline 0 -20"><span class='ocrx_word' id='word_1_142' title='bbox 143 2105 240 2167; x_wconf 89' lang='lat' dir='ltr'>dabis</span> <span class='ocrx_word' id='word_1_143' title='bbox 263 2104 355 2185; x_wconf 91' lang='lat' dir='ltr'>quod</span> <span class='ocrx_word' id='word_1_144' title='bbox 378 2105 520 2185; x_wconf 93' lang='lat' dir='ltr'>primum</span> <span class='ocrx_word' id='word_1_145' title='bbox 545 2104 626 2165; x_wconf 88' lang='lat' dir='ltr'>velle</span> <span class='ocrx_word' id='word_1_146' title='bbox 641 2105 746 2185; x_wconf 84' lang='lat' dir='ltr'>angeli</span> <span class='ocrx_word' id='word_1_147' title='bbox 771 2124 836 2166; x_wconf 95' lang='lat' dir='ltr'>non</span> <span class='ocrx_word' id='word_1_148' title='bbox 861 2105 900 2166; x_wconf 94' lang='lat' dir='ltr'>sit</span> <span class='ocrx_word' id='word_1_149' title='bbox 924 2106 965 2165; x_wconf 89' lang='lat' dir='ltr'>ab</span> <span class='ocrx_word' id='word_1_150' title='bbox 982 2105 1108 2186; x_wconf 78' lang='lat' dir='ltr'>angelo,</span> 
     </span>
     <span class='ocr_line' id='line_1_19' title="bbox 144 2210 1111 2292; baseline 0 -20"><span class='ocrx_word' id='word_1_151' title='bbox 144 2248 190 2260; x_wconf 93' lang='lat'>—</span> <span class='ocrx_word' id='word_1_152' title='bbox 215 2210 368 2273; x_wconf 83' lang='lat' dir='ltr'>Secunda</span> <span class='ocrx_word' id='word_1_153' title='bbox 391 2211 475 2272; x_wconf 80' lang='lat' dir='ltr'>ratio</span> <span class='ocrx_word' id='word_1_154' title='bbox 498 2232 556 2272; x_wconf 88' lang='lat' dir='ltr'>sua</span> <span class='ocrx_word' id='word_1_155' title='bbox 579 2220 627 2272; x_wconf 90' lang='lat' dir='ltr'>est</span> <span class='ocrx_word' id='word_1_156' title='bbox 655 2211 731 2272; x_wconf 89' lang='lat' dir='ltr'>ista:</span> <span class='ocrx_word' id='word_1_157' title='bbox 764 2211 871 2273; x_wconf 87' lang='lat' dir='ltr'>nullus</span> <span class='ocrx_word' id='word_1_158' title='bbox 902 2219 1008 2292; x_wconf 89' lang='lat' dir='ltr'>potest</span> <span class='ocrx_word' id='word_1_159' title='bbox 1039 2233 1111 2292; x_wconf 89' lang='lat' dir='ltr'>pec-</span> 
     </span>
     <span class='ocr_line' id='line_1_20' title="bbox 143 2316 1110 2399; baseline 0 -19"><span class='ocrx_word' id='word_1_160' title='bbox 143 2339 220 2380; x_wconf 88' lang='lat' dir='ltr'>care</span> <span class='ocrx_word' id='word_1_161' title='bbox 245 2316 305 2378; x_wconf 90' lang='lat' dir='ltr'>nisi</span> <span class='ocrx_word' id='word_1_162' title='bbox 329 2317 369 2378; x_wconf 92' lang='lat' dir='ltr'>sit</span> <span class='ocrx_word' id='word_1_163' title='bbox 392 2317 518 2379; x_wconf 84' lang='lat' dir='ltr'>debitor</span> <span class='ocrx_word' id='word_1_164' title='bbox 538 2317 688 2397; x_wconf 80' lang='lat' dir='ltr'>justitiae3</span> <span class='ocrx_word' id='word_1_165' title='bbox 713 2318 769 2379; x_wconf 90' lang='lat' dir='ltr'>sed</span> <span class='ocrx_word' id='word_1_166' title='bbox 785 2319 920 2399; x_wconf 86' lang='lat' dir='ltr'>angelus</span> <span class='ocrx_word' id='word_1_167' title='bbox 943 2319 975 2378; x_wconf 92' lang='lat' dir='ltr'>in</span> <span class='ocrx_word' id='word_1_168' title='bbox 1004 2319 1110 2399; x_wconf 92' lang='lat' dir='ltr'>primo</span> 
     </span>
     <span class='ocr_line' id='line_1_21' title="bbox 145 2424 1108 2504; baseline 0 -18"><span class='ocrx_word' id='word_1_169' title='bbox 145 2424 281 2487; x_wconf 88' lang='lat' dir='ltr'>instanti</span> <span class='ocrx_word' id='word_1_170' title='bbox 305 2445 373 2485; x_wconf 83' lang='lat' dir='ltr'>suae</span> <span class='ocrx_word' id='word_1_171' title='bbox 397 2425 566 2486; x_wconf 89' lang='lat' dir='ltr'>creationis</span> <span class='ocrx_word' id='word_1_172' title='bbox 601 2445 666 2485; x_wconf 96' lang='lat' dir='ltr'>non</span> <span class='ocrx_word' id='word_1_173' title='bbox 702 2433 770 2486; x_wconf 88' lang='lat' dir='ltr'>erat</span> <span class='ocrx_word' id='word_1_174' title='bbox 806 2425 932 2486; x_wconf 88' lang='lat' dir='ltr'>debitor</span> <span class='ocrx_word' id='word_1_175' title='bbox 964 2425 1108 2504; x_wconf 85' lang='lat' dir='ltr'>justitiae,</span> 
     </span>
     <span class='ocr_line' id='line_1_22' title="bbox 144 2530 1088 2613; baseline 0 -20"><span class='ocrx_word' id='word_1_176' title='bbox 144 2532 225 2613; x_wconf 89' lang='lat' dir='ltr'>quia</span> <span class='ocrx_word' id='word_1_177' title='bbox 248 2530 338 2591; x_wconf 92' lang='lat' dir='ltr'>illam</span> <span class='ocrx_word' id='word_1_178' title='bbox 362 2532 509 2592; x_wconf 93' lang='lat' dir='ltr'>nondum</span> <span class='ocrx_word' id='word_1_179' title='bbox 533 2540 720 2612; x_wconf 88' lang='lat' dir='ltr'>acceperat;</span> <span class='ocrx_word' id='word_1_180' title='bbox 746 2552 835 2613; x_wconf 81' lang='lat' dir='ltr'>ergo,</span> <span class='ocrx_word' id='word_1_181' title='bbox 1086 2597 1088 2602; x_wconf 70' lang='grc'>,</span> 
     </span>
    </p>

    <p class='ocr_par' dir='ltr' id='par_1_7' title="bbox 143 2636 1113 3447">
     <span class='ocr_line' id='line_1_23' title="bbox 213 2636 1111 2720; baseline 0 -20"><span class='ocrx_word' id='word_1_182' title='bbox 213 2637 323 2709; x_wconf 90' lang='lat' dir='ltr'>Alius,</span> <span class='ocrx_word' id='word_1_183' title='bbox 347 2636 464 2699; x_wconf 89' lang='lat' dir='ltr'>scilicet</span> <span class='ocrx_word' id='word_1_184' title='bbox 488 2637 633 2700; x_wconf 82' lang='lat' dir='ltr'>Thomas</span> <span class='ocrx_word' id='word_1_185' title='bbox 650 2649 685 2718; x_wconf 82' lang='lat' dir='ltr'>p.</span> <span class='ocrx_word' id='word_1_186' title='bbox 712 2657 740 2700; x_wconf 82' lang='grc' dir='ltr'>Ι.</span> <span class='ocrx_word' id='word_1_187' title='bbox 766 2661 795 2718; x_wconf 86' lang='lat' dir='ltr'>q.</span> <span class='ocrx_word' id='word_1_188' title='bbox 820 2637 872 2716; x_wconf 70' lang='lat'>65.</span> <span class='ocrx_word' id='word_1_189' title='bbox 897 2659 927 2699; x_wconf 85' lang='lat' dir='ltr'>a.</span> <span class='ocrx_word' id='word_1_190' title='bbox 948 2656 983 2720; x_wconf 73' lang='lat'>5.</span> <span class='ocrx_word' id='word_1_191' title='bbox 1003 2639 1111 2720; x_wconf 87' lang='lat' dir='ltr'>arguit</span> 
     </span>
     <span class='ocr_line' id='line_1_24' title="bbox 146 2744 1110 2826; baseline 0.001 -20"><span class='ocrx_word' id='word_1_192' title='bbox 146 2746 209 2807; x_wconf 91' lang='lat' dir='ltr'>sic:</span> <span class='ocrx_word' id='word_1_193' title='bbox 235 2744 383 2824; x_wconf 90' lang='lat' dir='ltr'>operatio</span> <span class='ocrx_word' id='word_1_194' title='bbox 407 2765 482 2825; x_wconf 85' lang='lat' dir='ltr'>quae</span> <span class='ocrx_word' id='word_1_195' title='bbox 506 2753 555 2806; x_wconf 88' lang='lat' dir='ltr'>est</span> <span class='ocrx_word' id='word_1_196' title='bbox 578 2745 610 2806; x_wconf 92' lang='lat' dir='ltr'>in</span> <span class='ocrx_word' id='word_1_197' title='bbox 626 2745 742 2806; x_wconf 85' lang='lat' dir='ltr'>eodem</span> <span class='ocrx_word' id='word_1_198' title='bbox 767 2745 898 2807; x_wconf 89' lang='lat' dir='ltr'>instanti</span> <span class='ocrx_word' id='word_1_199' title='bbox 915 2747 1047 2826; x_wconf 85' lang='lat' dir='ltr'>quando</span> <span class='ocrx_word' id='word_1_200' title='bbox 1064 2747 1110 2807; x_wconf 95' lang='lat' dir='ltr'>in·</span> 
     </span>
     <span class='ocr_line' id='line_1_25' title="bbox 143 2850 1111 2933; baseline 0.001 -20"><span class='ocrx_word' id='word_1_201' title='bbox 143 2852 224 2933; x_wconf 90' lang='lat' dir='ltr'>cipit</span> <span class='ocrx_word' id='word_1_202' title='bbox 250 2870 300 2912; x_wconf 93' lang='lat' dir='ltr'>res</span> <span class='ocrx_word' id='word_1_203' title='bbox 323 2859 371 2912; x_wconf 88' lang='lat' dir='ltr'>est</span> <span class='ocrx_word' id='word_1_204' title='bbox 401 2850 545 2913; x_wconf 82' lang='lat' dir='ltr'>effective</span> <span class='ocrx_word' id='word_1_205' title='bbox 568 2873 587 2912; x_wconf 85' lang='lat' dir='ltr'>a</span> <span class='ocrx_word' id='word_1_206' title='bbox 617 2872 715 2913; x_wconf 85' lang='lat' dir='ltr'>causa</span> <span class='ocrx_word' id='word_1_207' title='bbox 750 2851 950 2932; x_wconf 85' lang='lat' dir='ltr'>producente</span> <span class='ocrx_word' id='word_1_208' title='bbox 985 2873 1054 2914; x_wconf 88' lang='lat' dir='ltr'>rem</span> <span class='ocrx_word' id='word_1_209' title='bbox 1079 2853 1111 2914; x_wconf 93' lang='lat' dir='ltr'>in</span> 
     </span>
     <span class='ocr_line' id='line_1_26' title="bbox 145 2957 1112 3038; baseline 0 -18"><span class='ocrx_word' id='word_1_210' title='bbox 145 2977 226 3020; x_wconf 87' lang='lat' dir='ltr'>esse.</span> <span class='ocrx_word' id='word_1_211' title='bbox 254 2957 453 3037; x_wconf 79' lang='lat' dir='ltr'>Exemplum</span> <span class='ocrx_word' id='word_1_212' title='bbox 477 2958 517 3018; x_wconf 94' lang='lat' dir='ltr'>de</span> <span class='ocrx_word' id='word_1_213' title='bbox 542 2965 632 3018; x_wconf 91' lang='lat' dir='ltr'>motu</span> <span class='ocrx_word' id='word_1_214' title='bbox 658 2959 765 3038; x_wconf 89' lang='lat' dir='ltr'>gravis</span> <span class='ocrx_word' id='word_1_215' title='bbox 788 2959 941 3019; x_wconf 85' lang='lat' dir='ltr'>deorsum</span> <span class='ocrx_word' id='word_1_216' title='bbox 957 2968 989 3020; x_wconf 88' lang='lat' dir='ltr'>et</span> <span class='ocrx_word' id='word_1_217' title='bbox 1012 2960 1053 3021; x_wconf 93' lang='lat' dir='ltr'>de</span> <span class='ocrx_word' id='word_1_218' title='bbox 1076 2960 1112 3020; x_wconf 87' lang='lat' dir='ltr'>ti-</span> 
     </span>
     <span class='ocr_line' id='line_1_27' title="bbox 146 3063 1111 3145; baseline 0.001 -19"><span class='ocrx_word' id='word_1_219' title='bbox 146 3065 200 3127; x_wconf 87' lang='lat' dir='ltr'>bia</span> <span class='ocrx_word' id='word_1_220' title='bbox 224 3063 438 3125; x_wconf 88' lang='lat' dir='ltr'>claudicante.</span> <span class='ocrx_word' id='word_1_221' title='bbox 464 3063 498 3126; x_wconf 88' lang='lat' dir='ltr'>Si</span> <span class='ocrx_word' id='word_1_222' title='bbox 521 3064 620 3145; x_wconf 87' lang='lat' dir='ltr'>igitur</span> <span class='ocrx_word' id='word_1_223' title='bbox 643 3064 777 3145; x_wconf 86' lang='lat' dir='ltr'>angelus</span> <span class='ocrx_word' id='word_1_224' title='bbox 808 3064 849 3125; x_wconf 89' lang='lat' dir='ltr'>ab</span> <span class='ocrx_word' id='word_1_225' title='bbox 881 3065 1011 3126; x_wconf 89' lang='lat' dir='ltr'>instanti</span> <span class='ocrx_word' id='word_1_226' title='bbox 1043 3087 1111 3127; x_wconf 85' lang='lat' dir='ltr'>suae</span> 
     </span>
     <span class='ocr_line' id='line_1_28' title="bbox 146 3169 1111 3252; baseline 0 -19"><span class='ocrx_word' id='word_1_227' title='bbox 146 3170 321 3233; x_wconf 89' lang='lat' dir='ltr'>creationis</span> <span class='ocrx_word' id='word_1_228' title='bbox 344 3169 452 3251; x_wconf 90' lang='lat' dir='ltr'>potuit</span> <span class='ocrx_word' id='word_1_229' title='bbox 472 3191 623 3250; x_wconf 89' lang='lat' dir='ltr'>peccare;</span> <span class='ocrx_word' id='word_1_230' title='bbox 655 3191 734 3252; x_wconf 87' lang='lat' dir='ltr'>ergo</span> <span class='ocrx_word' id='word_1_231' title='bbox 758 3180 849 3232; x_wconf 84' lang='lat' dir='ltr'>actus</span> <span class='ocrx_word' id='word_1_232' title='bbox 880 3171 930 3232; x_wconf 90' lang='lat' dir='ltr'>ille</span> <span class='ocrx_word' id='word_1_233' title='bbox 961 3181 1043 3233; x_wconf 88' lang='lat' dir='ltr'>esset</span> <span class='ocrx_word' id='word_1_234' title='bbox 1067 3171 1111 3234; x_wconf 86' lang='lat' dir='ltr'>ef-</span> 
     </span>
     <span class='ocr_line' id='line_1_29' title="bbox 146 3275 1113 3359; baseline 0.002 -21"><span class='ocrx_word' id='word_1_235' title='bbox 146 3277 266 3340; x_wconf 78' lang='lat' dir='ltr'>fective</span> <span class='ocrx_word' id='word_1_236' title='bbox 289 3297 309 3337; x_wconf 90' lang='lat' dir='ltr'>a</span> <span class='ocrx_word' id='word_1_237' title='bbox 332 3276 415 3349; x_wconf 88' lang='lat' dir='ltr'>Deo,</span> <span class='ocrx_word' id='word_1_238' title='bbox 440 3275 522 3338; x_wconf 90' lang='lat' dir='ltr'>sicut</span> <span class='ocrx_word' id='word_1_239' title='bbox 545 3285 576 3338; x_wconf 88' lang='lat' dir='ltr'>et</span> <span class='ocrx_word' id='word_1_240' title='bbox 599 3297 668 3338; x_wconf 89' lang='lat' dir='ltr'>esse</span> <span class='ocrx_word' id='word_1_241' title='bbox 691 3277 806 3359; x_wconf 85' lang='lat' dir='ltr'>angeli,</span> <span class='ocrx_word' id='word_1_242' title='bbox 821 3277 910 3358; x_wconf 91' lang='lat' dir='ltr'>quod</span> <span class='ocrx_word' id='word_1_243' title='bbox 933 3288 981 3340; x_wconf 90' lang='lat' dir='ltr'>est</span> <span class='ocrx_word' id='word_1_244' title='bbox 1005 3279 1113 3340; x_wconf 91' lang='lat' dir='ltr'>incon-</span> 
     </span>
     <span class='ocr_line' id='line_1_30' title="bbox 148 3384 293 3447; baseline 0 -3"><span class='ocrx_word' id='word_1_245' title='bbox 148 3384 293 3447; x_wconf 78' lang='lat' dir='ltr'>veniens,</span> 
     </span>
    </p>

    <p class='ocr_par' dir='ltr' id='par_1_8' title="bbox 151 3488 1113 3676">
     <span class='ocr_line' id='line_1_31' title="bbox 215 3488 1112 3570; baseline 0.002 -19"><span class='ocrx_word' id='word_1_246' title='bbox 215 3489 275 3551; x_wconf 88' lang='lat' dir='ltr'>Ad</span> <span class='ocrx_word' id='word_1_247' title='bbox 301 3488 389 3550; x_wconf 91' lang='lat' dir='ltr'>idem</span> <span class='ocrx_word' id='word_1_248' title='bbox 413 3488 559 3570; x_wconf 88' lang='lat' dir='ltr'>arguitur</span> <span class='ocrx_word' id='word_1_249' title='bbox 582 3489 624 3551; x_wconf 87' lang='lat' dir='ltr'>ab</span> <span class='ocrx_word' id='word_1_250' title='bbox 648 3490 725 3564; x_wconf 91' lang='lat' dir='ltr'>aliis,</span> <span class='ocrx_word' id='word_1_251' title='bbox 751 3489 870 3552; x_wconf 88' lang='lat' dir='ltr'>scilicet</span> <span class='ocrx_word' id='word_1_252' title='bbox 898 3491 939 3552; x_wconf 94' lang='lat' dir='ltr'>ab</span> <span class='ocrx_word' id='word_1_253' title='bbox 971 3491 1112 3554; x_wconf 88' lang='lat' dir='ltr'>Henrico</span> 
     </span>
     <span class='ocr_line' id='line_1_32' title="bbox 151 3595 1113 3676; baseline 0.002 -20"><span class='ocrx_word' id='word_1_254' title='bbox 151 3595 211 3658; x_wconf 90' lang='lat' dir='ltr'>sic:</span> <span class='ocrx_word' id='word_1_255' title='bbox 237 3596 272 3659; x_wconf 87' lang='lat' dir='ltr'>Si</span> <span class='ocrx_word' id='word_1_256' title='bbox 297 3595 435 3676; x_wconf 88' lang='lat' dir='ltr'>angelus</span> <span class='ocrx_word' id='word_1_257' title='bbox 458 3596 565 3675; x_wconf 88' lang='lat' dir='ltr'>potuit</span> <span class='ocrx_word' id='word_1_258' title='bbox 588 3616 722 3676; x_wconf 88' lang='lat' dir='ltr'>peccare</span> <span class='ocrx_word' id='word_1_259' title='bbox 738 3596 779 3657; x_wconf 88' lang='lat' dir='ltr'>ab</span> <span class='ocrx_word' id='word_1_260' title='bbox 796 3597 927 3658; x_wconf 88' lang='lat' dir='ltr'>instanti</span> <span class='ocrx_word' id='word_1_261' title='bbox 945 3618 1012 3658; x_wconf 84' lang='lat' dir='ltr'>suae</span> <span class='ocrx_word' id='word_1_262' title='bbox 1029 3618 1113 3659; x_wconf 88' lang='lat' dir='ltr'>crea-</span> 
     </span>
    </p>
   </div>
   <div class='ocr_carea' id='block_1_5' title="bbox 0 0 1335 4267">
    <p class='ocr_par' dir='ltr' id='par_1_9' title="bbox 0 0 1335 4267">
     <span class='ocr_line' id='line_1_33' title="bbox 0 0 1335 4267; baseline 0 0"><span class='ocrx_word' id='word_1_263' title='bbox 0 0 1335 4267; x_wconf 95' lang='lat' dir='ltr'> </span> 
     </span>
    </p>
   </div>
  </div>
 </body>
</html>
