2634 4267
311 269 497 332 D1snucr.
522 268 567 331 Ill
592 269 738 351 QuAEsr.
763 271 811 332 IV
970 289 1031 352 139
1102 259 1104 270 '

894 389 1042 400 .—-.

94 486 137 537 est
157 478 248 557 quod
273 457 412 559 angelus
435 472 626 559 intelligeret
642 478 735 558 plura
759 487 795 540 ut
811 479 923 560 plura;
946 486 1055 560 potest

94 584 173 644 enim
197 583 379 666 intelligere
402 584 489 646 aliud
512 605 532 646 a
554 605 606 658 se„
622 593 655 646 et
678 603 754 646 cum
779 584 842 648 hoc
857 604 986 666 semper
1009 585 1054 647 in«

95 690 203 772 telligit
226 711 272 752 se.

159 795 283 860 Contra
308 797 406 860 istam
429 797 609 879 opinionem
625 798 734 880 arguit
756 798 824 880 ipse
840 797 977 879 opinans
993 797 1055 860 du«

95 900 220 982 pliciter.
237 905 358 967 Primo
373 905 434 967 sic:
451 905 541 986 quod
556 913 605 967 est
621 905 789 987 proprium
806 904 868 966 Dei
885 924 951 967 non
963 925 1055 968 com«

96 1009 169 1088 petit
191 1021 375 1087 creaturae;
399 1012 455 1074 sed
480 1011 729 1074 intellectionem
760 1011 846 1076 idem
878 1031 946 1073 esse
976 1031 1053 1076 cum

95 1117 225 1179 essentia
248 1127 300 1180 est
322 1119 491 1200 proprium
509 1119 588 1193 Dei;
613 1138 693 1200 ergo
709 1138 774 1180 non
791 1119 948 1199 competit
964 1139 1052 1180 crea-

96 1231 171 1284 turae
194 1226 264 1286 sive
288 1226 415 1306 angelo.
441 1225 597 1298 Secundo,
623 1225 798 1288 adducitur
822 1225 1052 1288 inconveniens

96 1328 158 1407 jam
180 1340 320 1407 tactum,
341 1333 469 1407 scilicet,
486 1334 576 1415 quod
602 1332 738 1414 angelus
754 1332 944 1415 intelligeret
960 1332 1054 1414 plura

98 1445 130 1496 ut
150 1438 253 1518 plura.
340 1471 349 1489 x
1049 1435 1054 1444 ’

157 1545 215 1606 Ad
230 1547 380 1626 primunt
404 1547 482 1608 dicit
505 1547 595 1627 quod
620 1546 788 1628 proprium
812 1555 860 1608 est
884 1546 946 1608 Dei
962 1547 1052 1626 quod

99 1647 265 1714 intellectio
290 1653 339 1714 sui
362 1663 393 1714 et
416 1653 554 1714 aliorum
567 1653 608 1715 sit
624 1653 711 1714 idem
727 1673 803 1714 cum
820 1653 974 1729 essentia;
989 1653 1054 1716 hoc

100 1765 201 1819 autem
225 1781 294 1822 non
317 1760 474 1842 competit
506 1760 633 1842 angela
658 1759 736 1841 quia
765 1759 938 1822 intellectio
955 1780 1054 1842 ange-

101 1858 197 1925 lorum
221 1887 290 1928 non
304 1877 362 1928 est
384 1867 470 1929 idem
494 1884 570 1928 cum
593 1867 731 1929 essentia
754 1887 822 1929 sua.

160 1971 216 2032 Ad
234 1975 411 2035 secundnm
435 1974 512 2036 dicit
535 1974 625 2055 quod
648 1994 714 2035 non
745 1982 794 2035 est
825 1972 1057 2038 inconveniens

102 2077 245 2157 angelum
272 2081 448 2162 intelligere
471 2080 573 2162 plura,
597 2080 623 2141 si
646 2080 722 2142 talia
739 2079 860 2141 habent
876 2080 1053 2141 connexio-

103 2201 169 2245 nem
192 2186 275 2248 inter
298 2207 332 2248 se
355 2196 387 2249 et
409 2187 451 2249 ad
475 2207 561 2248 eum.

166 2290 285 2356 Contra
309 2294 406 2356 istam
422 2294 604 2375 opinionem
621 2293 729 2375 arguit
752 2293 858 2354 Varro
865 2293 975 2374 primo
990 2293 1053 2361 sic:

104 2395 172 2458 nihil
194 2409 241 2462 est
267 2401 356 2481 quod
380 2401 522 2482 seipsum
547 2401 672 2482 gignat,
696 2420 752 2481 per
776 2398 1003 2480 Augustinum
1022 2419 1054 2470 Ι,

104 2501 138 2562 do
163 2506 286 2580 Trin.·,·
311 2508 367 2569 sed
390 2507 571 2569 intellectus
593 2507 760 2588 angelicus
777 2506 882 2588 gignit
905 2505 953 2567 sui
970 2507 1054 2568 noti-

104 2606 173 2672 tiam
195 2615 263 2676 sive
286 2613 553 2690 intellectionem;
585 2635 665 2694 ergo
696 2614 757 2675 ista
787 2613 961 2675 intellectio
985 2634 1052 2678 non

105 2725 146 2776 est
166 2717 251 2782 idem
275 2741 351 2782 cum
375 2720 455 2802 ipso.
480 2755 524 2766 -
548 2720 694 2782 Socnndo
717 2721 778 2782 sic:
796 2719 1005 2801 Augustinus
1022 2739 1052 2801 9.

104 2821 137 2881 de
162 2826 251 2890 Tn'n.
276 2828 369 2890 dicit:
393 2828 527 2909 quando
550 2828 658 2889 anima
675 2837 764 2889 amat
787 2848 830 2901 se,
855 2827 916 2888 alia
940 2848 989 2888 res
1005 2836 1055 2889 est

105 2947 206 2996 amans
228 2935 292 2997 alia
314 2954 424 3010 am0r;
449 2956 527 3015 ergo
551 2935 694 2996 similiter
718 2944 766 2996 est
788 2955 831 2996 ex
855 2943 946 3014 parte
962 2923 1055 2995 intel-

107 3033 194 3102 lectus
214 3042 333 3124 angeli.
350 3077 395 3088 -
418 3023 521 3104 Tertio
544 3040 702 3103 formatur
718 3041 799 3102 ratio
822 3041 883 3102 sic:
909 3061 984 3102 cum
1001 3061 1057 3102 ant

107 3143 186 3220 gelus
197 3148 347 3211 habuerit
359 3148 575 3210 inordinatam
589 3148 794 3209 dilectionem
811 3147 859 3208 sui
876 3147 1052 3227 peccand0‚

107 3247 128 3308 si
147 3251 199 3316 iste
221 3265 321 3341 actus
338 3264 386 3316 est
410 3254 495 3316 idem
519 3276 595 3317 cum
619 3256 756 3317 essentia
772 3275 839 3328 sua,
864 3263 896 3315 et
918 3255 1055 3318 essentia

107 3353 158 3420 fuit
177 3362 364 3451 immediate
387 3372 494 3424 creata
517 3384 536 3424 a
560 3363 642 3435 De0,
668 3362 811 3443 sequitur
835 3361 924 3442 quod
944 3359 1057 3424 fuisset⁴

109 3478 218 3532 creatus
241 3491 261 3532 a
286 3472 360 3532 Deo
390 3490 467 3530 cum
498 3469 607 3550 aliqua
639 3469 769 3541 malitia,
802 3468 892 3549 quod
926 3468 1056 3530 videtur

107 3571 283 3655 absurdum,
308 3577 392 3638 sicut
415 3577 538 3657 patebit
560 3595 592 3658 4.
617 3585 650 3636 et
669 3594 703 3658 5.
728 3576 815 3636 Dist.
841 3612 883 3619 -
908 3575 999 3644 ltoon,
1028 3575 1057 3638 si

109 3693 222 3764 propter
239 3683 460 3747 annexionem
484 3683 618 3764 angelus
635 3691 743 3764 posset
758 3681 934 3761 intelligere
951 3680 1055 3761 plura,
1094 3755 1097 3760 ‚
