2634 4267
332 286 517 349 Drsrmcr.
542 286 556 348 1
581 284 728 367 QnAEsr.
752 286 786 348 V
1000 307 1045 368 49

166 486 264 557 Dico
279 508 374 577 ergo
385 488 439 558 nd
454 487 710 576 Quaestionem
727 492 956 573 praemittendo
972 492 1067 555 istam

107 596 358 672 distinctionem,
382 598 471 680 quod
495 618 591 680 agere
606 597 826 680 principaliter
849 608 956 680 potest
979 599 1070 661 intel·

106 702 156 783 ligi
178 703 365 785 dupliciter.
396 704 463 768 (sno
486 706 577 767 inodo
599 704 809 766 excludendo
837 725 969 767 omnem
994 726 1071 768 cau·

105 829 169 870 sam
193 811 399 892 superiorem
422 820 585 893 agentem,
611 820 647 872 ut
664 811 708 873 sic
732 831 829 893 agere
852 811 1068 894 principaliter

105 916 142 977 sit
163 937 261 999 agere
295 918 549 999 independenter
576 939 596 979 a
619 936 717 980 causa
747 919 912 1000 superiore
939 928 1066 1000 agente.

106 1021 247 1087 Secundo
272 1025 368 1088 modo
397 1025 529 1106 quando
553 1025 621 1107 agit
651 1045 709 1106 per
733 1025 897 1106 propriam
927 1024 1066 1087 formam

107 1129 321 1205 intrinsecam,
348 1132 420 1194 licet
442 1132 536 1193 alicui
560 1153 668 1194 causae
700 1131 855 1213 superiori
879 1131 1067 1194 subordine-

105 1244 162 1297 tur.
195 1237 417 1301 Consimiliter
441 1248 490 1300 est
520 1238 787 1320 distinguendum
811 1239 852 1300 de
882 1248 1000 1320 agente
1022 1240 1068 1300 in·

107 1346 316 1417 strumentali,
350 1346 425 1426 quia
449 1366 512 1408 uno
540 1365 640 1427 agens
671 1344 915 1407 instrumentale
945 1354 994 1407 est
1016 1345 1066 1406 di-

108 1449 256 1512 stinctum
283 1461 399 1515 contra
422 1472 523 1532 agens
546 1452 652 1533 primo
678 1452 777 1513 modo
801 1452 935 1524 dictum,
960 1461 992 1514 et
1019 1453 1064 1515 sic

107 1558 206 1619 omnis
229 1580 331 1621 causa
354 1560 496 1621 secunda
520 1568 626 1639 potest
650 1558 712 1620 dici
736 1558 1004 1633 instrumentalis;
1022 1580 1066 1620 se·

106 1665 203 1726 cundo
226 1667 322 1728 modo
345 1674 393 1727 est
416 1686 514 1728 causa
537 1666 789 1728 instrumentalis
813 1665 962 1728 distincta
985 1685 1063 1727 con-

108 1776 153 1829 tra
181 1790 283 1852 agens
316 1772 493 1854 principale
524 1772 667 1834 secundo
702 1773 802 1833 modo
833 1772 956 1833 dictum
988 1793 1064 1853 quae

108 1876 283 1941 nonhabet
307 1900 351 1941 ex
375 1879 505 1961 propria
526 1879 671 1940 motione
686 1879 858 1951 actionem,
884 1888 920 1939 ut
942 1879 1062 1940 securis

108 1990 137 2041 et
158 1982 355 2065 hujusmodi.
372 2022 416 2033 —
439 1986 498 2048 Ad
519 1986 733 2067 propositum,
758 1995 882 2048 certum
906 1994 954 2047 est
970 1986 1060 2066 quod

110 2088 188 2151 nulla
217 2102 366 2155 creatura
390 2101 496 2174 potest
527 2093 743 2174 principaliter
774 2112 870 2173 agere
900 2092 1061 2153 sumendo

109 2213 195 2275 agere
218 2200 397 2281 principale
426 2200 532 2281 primo
564 2200 673 2261 modo.
707 2199 771 2262 Sed
794 2208 843 2261 est
873 2198 1009 2260 dubium
1034 2199 1060 2259 si

111 2314 233 2385 sumpto
248 2316 370 2389 agente
385 2306 551 2388 principali
568 2306 711 2368 secundo
733 2307 841 2378 modo,
859 2305 960 2386 possit
976 2326 1060 2367 crea-

110 2427 147 2468 re.
163 2410 205 2473 Et
220 2422 269 2487 est
291 2413 411 2495 triplex
429 2414 546 2475 modus
563 2412 700 2476 dicendi.
723 2412 812 2475 Unus
828 2412 950 2483 modun
971 2412 1061 2493 quod

113 2518 265 2581 conclusio
290 2520 442 2602 negativa
458 2528 585 2583 tenetur
608 2540 684 2580 vera
707 2518 771 2580 fide
793 2527 826 2580 et
849 2527 981 2599 propter
998 2518 1062 2580 dic-

110 2627 139 2680 ta
159 2635 355 2699 sanctorum,
379 2647 438 2689 nec
455 2626 583 2708 probari
607 2635 714 2707 potest
738 2625 869 2699 ratione,
894 2625 970 2705 quia
987 2645 1060 2705 per-

112 2724 212 2792 fectior
233 2744 281 2795 est
308 2732 412 2795 forma
434 2754 533 2814 quam
559 2732 710 2807 materia;
735 2752 811 2793 cum
843 2752 922 2812 ergo
946 2731 978 2791 in
1001 2732 1061 2792 vir-

113 2839 174 2896 tute
195 2840 299 2902 activa
323 2840 447 2921 agentis
471 2839 567 2921 primi
598 2838 639 2900 sit
662 2837 776 2911 forma,
800 2847 832 2899 et
863 2837 964 2918 possit
987 2858 1060 2898 eam

113 2942 288 3021 producere,
314 2966 380 3008 non
403 2946 530 3008 videtur
554 2945 635 3007 ratio
658 2966 758 3027 quare
781 2964 847 3005 non
871 2943 972 3024 possit
989 2965 1061 3025 pro-

114 3044 217 3113 ducere
239 3053 420 3115 materiam.
445 3053 544 3115 Alius
559 3053 672 3114 ntodus
695 3051 847 3113 Doctoris
870 3060 918 3112 est
941 3051 982 3111 ad
1000 3071 1058 3130 op-

114 3154 252 3233 positum,
285 3180 348 3241 pro
370 3180 437 3241 quo
467 3182 486 3221 a
517 3159 649 3221 diversis
681 3166 821 3238 quatuor
851 3157 1059 3218 adducuntur

116 3261 237 3327 rationes
266 3267 384 3349 primae
415 3266 508 3328 factae
532 3275 645 3329 contra
675 3264 892 3326 Avicennam.
931 3264 1057 3325 Tertius

115 3369 213 3431 modus
235 3373 363 3435 dicendi
387 3381 434 3434 est
458 3393 556 3453 quem
573 3382 678 3445 teneo,
703 3371 780 3452 quia
803 3369 984 3431 declaratur
1001 3389 1058 3448 per

118 3478 170 3535 tres
185 3476 412 3543 Conclusiones
427 3499 470 3541 ex
493 3480 611 3560 quibus
626 3479 806 3560 integratur
822 3476 939 3538 solutio
957 3472 1059 3553 Quae-

117 3578 220 3651 stionis.

899 3711 912 3751 t
