2634 4267
285 270 308 331 4
553 250 628 313 Lus.
652 252 683 313 ΙΙ
707 250 1000 315 Sournvnnnvn

330 457 483 521 Probatio
507 456 600 520 illius
623 456 802 538 assumpti:
826 456 904 518 nihil
929 466 1036 538 potest
1059 477 1126 519 non
1163 478 1254 521 esse·

263 680 373 754 potest
395 671 506 745 inesse,
531 670 607 752 quia
630 671 756 733 nullum
780 690 837 732 ens
861 679 968 751 potest
1003 670 1123 733 destrui
1174 671 1243 732 nisi

263 799 322 860 per
333 776 594 859 incompossibile
607 776 743 858 positive
755 777 806 838 vel
819 776 990 857 privative.
1005 776 1070 840 Sed
1087 778 1116 839 ei
1138 779 1243 858 quod

265 893 315 947 est
337 905 356 946 a
379 904 413 946 se
435 883 564 965 penitus
587 882 784 945 incausabile
807 882 885 944 nihil
910 892 1018 964 potest
1048 884 1159 946 inesse
1197 883 1250 944 in-·

267 990 494 1072 compossibile
514 990 654 1071 positive
677 989 727 1052 vel
751 989 919 1071 privative,
944 990 1021 1071 quia
1044 989 1122 1052 illud
1148 1000 1248 1052 esset·

267 1098 318 1189 vel
342 1119 361 1160 a
384 1118 418 1159 se
441 1098 491 1159 vel
515 1096 556 1158 ab
580 1096 653 1171 alio;
678 1096 703 1158 si
726 1117 746 1157 a
769 1117 812 1170 se,
836 1105 916 1159 ωηο
940 1098 989 1157 vel
1013 1096 1112 1159 duo'
1105 1117 1248 1159 mcom-

268 1198 431 1311 possibilia
443 1212 549 1266 essent
566 1203 671 1277 simul,
689 1204 739 1265 vel
760 1202 859 1265 ambo
879 1203 1080 1265 destruerent
1099 1224 1135 1264 se
1157 1204 1248 1264 invi-

270 1332 351 1389 cem,
376 1324 516 1397 quorum
548 1319 713 1391 utrunque
743 1318 790 1372 est
777 1308 948 1372 t.falsum
974 1309 1008 1373 Si
1039 1330 1116 1372 vero
1155 1310 1245 1372 illud

269 1394 532 1517 inc'ompossibile
555 1425 602 1479 est
626 1416 667 1479 ab
692 1416 764 1490 alio,
781 1437 847 1479 non
864 1425 972 1497 potest
995 1417 1166 1479 destruere
1185 1438 1239 1478 na·

271 1534 378 1587 turam
410 1523 657 1597 ineffectibilem,
690 1524 766 1604 quia
797 1533 912 1586 natura
947 1522 1159 1586 ineffectibilis
1191 1533 1239 1585 est

271 1630 502 1712 independens,
527 1630 606 1692 illud
629 1651 707 1692 vero
730 1630 821 1712 quod
852 1639 900 1692 est
930 1630 971 1692 ab
1002 1630 1065 1692 alio
1096 1639 1145 1692 est
1183 1631 1238 1691 de-

272 1738 428 1819 pendens
450 1746 482 1799 et
505 1736 550 1799 sic
573 1735 801 1817 imperfectius
828 1736 912 1799 Illud
927 1746 1038 1799 autem
1061 1738 1154 1818 quod
1182 1738 1242 1798 de·-

273 1844 367 1907 struit
390 1843 478 1905 aliud
499 1852 627 1925 oportet
650 1864 719 1906 esse
735 1842 907 1925 perfectius
930 1846 980 1906 vel
1004 1864 1099 1925 aeque
1115 1843 1241 1924 perfec-

273 1960 345 2013 tum
369 1970 426 2025 eo;
451 1970 529 2031 ergo
561 1959 677 2011 natura
701 1950 909 2013 ineffectibilis
940 1971 1005 2012 non
1030 1959 1137 2031 potest
1171 1968 1235 2011 non

273 2078 350 2120 esse.
375 2056 528 2119 Probatz'o
551 2056 688 2119 minoris
704 2057 799 2137 primi
823 2056 1001 2138 syllogismi
1026 2078 1083 2137 per
1095 2056 1240 2118 Avicen·

276 2185 352 2227 nam
377 2182 406 2227 Ι.
431 2162 577 2244 Metapt.
602 2185 629 2226 ο.
653 2183 698 2247 7.‚
723 2173 755 2226 et
778 2174 826 2226 est
843 2185 907 2226 una
929 2165 970 2226 de
994 2164 1173 2226 rationibus
1191 2183 1241 2224 su·

276 2270 302 2332 is
325 2270 390 2331 illa.
417 2269 450 2333 Si
474 2279 550 2332 sunt
573 2270 639 2332 duo
664 2291 793 2333 necesse
815 2292 884 2333 esse
907 2272 1105 2333 conveniunt
1128 2270 1161 2331 in
1176 2270 1234 2331 hoc

276 2377 367 2458 quod
379 2386 427 2439 est
441 2397 568 2439 necesse
580 2398 657 2451 esse,
672 2386 800 2459 oportet
812 2378 910 2439 etiarn
922 2379 1012 2458 quod
1037 2378 1239 2458 distinguan-v

277 2492 339 2558 tur,
356 2483 434 2545 alias
449 2492 532 2545 esset
548 2503 650 2545 unum
673 2504 802 2546 necesse
817 2501 895 2567 esse3
912 2494 989 2546 ωηο
1006 2504 1119 2565 quaero
1135 2483 1177 2545 de
1195 2502 1237 2544 ra·-

277 2590 421 2652 tionibus
436 2590 554 2671 quibus
570 2590 824 2672 distinguuntur,
841 2600 898 2652 aut
910 2600 985 2652 sunt
1006 2611 1135 2651 necesse
1158 2608 1237 2657 esse..

280 2705 336 2758 aut
360 2716 435 2758 non.
462 2696 495 2759 Si
519 2716 595 2780 non,
619 2717 698 2778 ergo
723 2718 851 2759 necesse
873 2718 942 2758 esse
966 2696 1100 2758 includit
1116 2693 1232 2777 aliquid

278 2802 368 2884 quod
392 2823 457 2864 non
474 2811 521 2864 est
538 2822 667 2865 necesse
682 2824 760 2877 esse,
777 2803 868 2884 quod
884 2811 932 2864 est
948 2802 1075 2864 falsum.
1102 2802 1135 2864 Si
1161 2819 1237 2863 vero·

279 2918 355 2970 sunt
378 2929 507 2971 necesse
529 2930 607 2983 esse,
632 2918 711 2971 tunc
735 2910 820 2971 idem
846 2908 978 2971 habebit
1001 2910 1083 2969 duas
1099 2909 1232 2969 rationes

280 3015 399 3096 quibus
422 3024 470 3077 est
494 3036 621 3078 necesse
645 3036 723 3090 esse,
747 3016 824 3097 quia
847 3015 980 3077 habebit
1008 3016 1096 3076 illam
1120 3015 1152 3076 in
1175 3032 1234 3095 qua

281 3122 487 3195 conveniunt,
520 3132 552 3184 et
583 3123 678 3184 istam
710 3124 742 3185 in
770 3127 843 3204 qua‘
867 3123 1074 3205 distinguitur
1106 3123 1147 3184 ab
1178 3121 1237 3183 alio

283 3248 410 3290 necesse
440 3248 518 3302 esse,
543 3237 575 3290 et
598 3238 676 3291 ωηο
700 3230 759 3291 erit
782 3230 960 3291 necessario
984 3250 1052 3291 esse
1082 3249 1138 3310 per
1162 3229 1239 3290 duas-

284 3334 423 3397 rationes
448 3336 625 3397 necessario
649 3336 783 3409 essendi,
808 3337 897 3417 quod
930 3345 978 3398 est
1008 3335 1134 3407 falsum,
1167 3333 1234 3415 quia
1278 3387 1280 3412 ,

285 3460 414 3503 necesse
430 3462 498 3503 esse
514 3451 596 3504 esset
613 3463 741 3504 necesse
756 3464 824 3505 esse
841 3464 897 3524 per
914 3444 1056 3523 aliquam
1075 3442 1232 3526 rationem,
1278 3423 1280 3518 l

285 3568 353 3629 qua
365 3548 470 3627 posita
483 3547 533 3609 vel
547 3558 681 3623 remota,
695 3548 904 3611 nihilominus
916 3559 998 3611 esset
1015 3569 1143 3610 necesse
1165 3568 1196 3609 es
1229 3590 1234 3601 ·
1278 3549 1280 3553 '

357 3650 390 3719 T
386 3653 520 3721 eruum
560 3651 843 3723 Conclusionem
883 3658 1000 3740 probat
1037 3655 1181 3718 Thomas
1214 3668 1238 3719 1„
