2634 4267
234 220 314 330 ⁴156
476 250 550 313 Lm.
575 252 605 313 ΙΙ
630 251 923 314 Snursnrmnum

218 456 316 518 {addit
338 477 435 538 super
466 456 687 539 cognitionem
701 456 901 518 universalis.
928 455 993 519 Sed
1016 455 1156 518 habitusa
1224 449 1226 452 ’

224 560 298 624 Deo
321 572 448 626 creatus
472 564 590 645 angelo
612 571 661 626 est
673 562 755 625 ratio
767 562 987 643 cognoscendi
1000 561 1156 634 universale

216 680 358 752 ergoet
386 671 593 752 particulare.

290 775 435 838 Secundo
458 776 517 841 sic:
542 797 641 839 omne
664 775 937 858 apprehensivum
962 776 1097 858 alicujus
1115 775 1157 837 ob·

212 879 295 962 jecti
319 884 416 946 debet
431 904 499 945 esse
515 884 799 946 determinativum
817 893 963 964 respectu
988 884 1079 957 illius;
1098 902 1157 963 ergo

220 988 247 1050 si
271 989 450 1053 intellectus
484 991 648 1074 angelicus
672 999 780 1073 potest
815 991 956 1072 recipere
980 991 1115 1052 notitiam
1127 989 1159 1050 ab
1232 1047 1233 1052 ,

220 1091 297 1178 ipsis
328 1097 553 1179 singularibus,
577 1107 657 1160 tunc
681 1106 764 1159 esset
795 1097 1038 1159 determinatior
1060 1107 1087 1159 et
1107 1115 1160 1156 ma·
1239 1145 1240 1152 ,

215 1202 451 1284 gislimitatus
476 1225 576 1286 quam
600 1204 781 1266 intellectus
806 1203 979 1266 humanus.

293 1311 397 1373 Tertio
419 1311 473 1372 sie:
491 1312 517 1372 si
541 1311 733 1392 intelligeret
749 1310 924 1391 singularia
948 1311 1055 1393 primo
1075 1317 1165 1392 posset

214 1406 261 1478 rle
285 1417 359 1498 ipsis
382 1418 548 1497 acquirere
564 1438 620 1499 per
637 1417 780 1479 diversos
803 1427 896 1480 actus
913 1417 1072 1492 habitum,
1085 1418 1166 1498 juxta

215 1523 305 1584 ¹viam
323 1523 514 1605 Philosophi
529 1543 561 1587 2.
579 1523 700 1598 Etliic,
718 1533 750 1585 et
766 1523 809 1585 sic
822 1523 863 1585 de
879 1524 1093 1605 singularibus
1107 1543 1168 1605 pos·
1237 1522 1238 1526 ’

215 1639 266 1691 set
289 1651 358 1692 esse
393 1630 524 1693 habitus
547 1630 727 1704 scientialis,
752 1631 842 1711 quod
866 1639 915 1692 est
938 1641 1053 1693 contra
1075 1631 1168 1693 Philo-

211 1736 359 1816 sophum
384 1740 414 1820 7.
441 1736 588 1818 Metaplz.

288 1840 412 1917 Quarto
435 1844 493 1905 sic:
518 1844 544 1905 si
567 1845 731 1926 singulare
753 1853 836 1906 esset
853 1863 909 1924 per
940 1864 974 1905 se
999 1844 1169 1926 cognitum,

209 1959 298 2010 esset
321 1950 427 2030 primo
450 1970 593 2031 praesens
616 1949 965 2031 intellectui'angelieo,
979 1959 1012 2012 et
1027 1961 1102 2013 tunc
1121 1949 1169 2010 vel

209 2068 271 2136 “per
294 2057 467 2118 essentiam
492 2058 598 2138 angeli
622 2058 712 2138 quod
736 2078 801 2120 non
818 2057 1017 2131 conceditur,
1044 2058 1091 2119 vel
1116 2076 1171 2137 per

214 2159 363 2225 habitum
387 2164 594 2237 scientialem‚
619 2165 709 2244 quod
722 2185 787 2226 non
810 2163 947 2237 videtur,
972 2165 1050 2245 quia
1073 2172 1171 2248 estra-

207 2269 259 2330 'tio
282 2271 499 2351 cognoscendi
517 2270 716 2345 universalia,
737 2271 787 2332 vel
810 2279 859 2332 est
882 2291 1026 2352 praesens
1042 2291 1097 2352 per
1117 2269 1172 2331 sei-

213 2394 319 2456 psum,
348 2377 437 2457 quod
455 2398 520 2439 non
544 2378 681 2450 videtur,
699 2378 774 2458 quia
798 2377 876 2438 nihil
900 2388 1013 2439 movet
1037 2377 1171 2439 intellec·

206 2489 283 2544 tum
309 2483 366 2544 n⁷si
397 2484 429 2545 in
461 2484 585 2546 ratione
616 2485 710 2565 primi
735 2483 863 2565 objecti,
888 2484 1033 2564 primum
1065 2492 1171 2546 autem

211 2588 379 2668 objectum
404 2590 582 2653 intellectus
605 2591 703 2652 creati
727 2600 774 2652 est
799 2590 995 2665 universale;
1020 2611 1108 2673 ergo.

283 2695 403 2771 Quinto
426 2697 484 2758 sic:
509 2697 534 2758 si
558 2698 694 2779 angelus
710 2705 920 2779 cognosceret
933 2718 989 2778 per
1022 2696 1171 2778 receptio

206 2813 285 2863 ¹nem
310 2803 499 2884 specierum,
524 2813 603 2866 tunc
634 2814 743 2885 posset
770 2824 967 2885 cognoscere
992 2805 1124 2866 Petrum
1139 2808 1169 2862 et

210 2904 393 2982 Nicolaum,
418 2911 494 2991 quia
517 2921 593 2972 sunt
622 2904 768 2990 ejusdem
792 2910 918 2991 speciei,
943 2931 1020 2971 cum
1053 2909 1168 2992 species

202 3015 251 3076 ab
274 3016 350 3096 ipsis
372 3018 544 3079 abstractae
560 3027 593 3079 et
615 3019 647 3079 in
672 3018 870 3080 intellectum
891 3018 1043 3098 repositae
1067 3022 1178 3086 essent,

207 3120 354 3200 ejusdem
387 3125 512 3205 speciei,
544 3134 576 3186 et
607 3134 685 3186 tunc
716 3125 783 3186 duo
817 3125 996 3186 accidentia
1024 3125 1164 3207 ejusdem

203 3229 324 3309 ‘speciei
348 3239 452 3291 essent
477 3231 508 3292 in
532 3232 649 3292 eodem
674 3231 830 3312 subjecto,

278 3333 397 3398 Contra
421 3337 519 3399 istam
543 3338 723 3419 opinionem
747 3339 789 3400 de
813 3337 925 3400 habitu
949 3338 1105 3401 scientiali
1120 3341 1164 3398 est

205 3451 360 3522 argutum
386 3443 417 3504 in
436 3442 561 3523 Quaest.
587 3445 737 3525 praeced,
756 3445 828 3506 ideo
846 3447 1079 3508 tantummodo
1096 3444 1164 3506 dico

200 3547 248 3608 ad
272 3549 411 3610 rationes
434 3550 512 3629 ejus.

273 3654 331 3714 Ad
345 3655 493 3734 primam
517 3676 592 3736 quae
617 3655 716 3718 habet
740 3659 898 3719 minorem
934 3657 1061 3735 falsam,
1086 3659 1161 3722 sicut
