<?xml version="1.0" encoding="UTF-8"?>
<!DOCTYPE html PUBLIC "-//W3C//DTD XHTML 1.0 Transitional//EN"
    "http://www.w3.org/TR/xhtml1/DTD/xhtml1-transitional.dtd">
<html xmlns="http://www.w3.org/1999/xhtml" xml:lang="en" lang="en">
 <head>
  <title>
</title>
<meta http-equiv="Content-Type" content="text/html;charset=utf-8" />
  <meta name='ocr-system' content='tesseract 3.04.00' />
  <meta name='ocr-capabilities' content='ocr_page ocr_carea ocr_par ocr_line ocrx_word'/>
</head>
<body>
  <div class='ocr_page' id='page_1' title='image "./commentariainli00scotgoog_0297.png"; bbox 0 0 2634 4267; ppageno 0'>
   <div class='ocr_carea' id='block_1_1' title="bbox 234 47 258 61">
    <p class='ocr_par' dir='ltr' id='par_1_1' title="bbox 234 47 258 61">
     <span class='ocr_line' id='line_1_1' title="bbox 234 47 258 61; baseline 0 -10"><span class='ocrx_word' id='word_1_1' title='bbox 234 47 258 61; x_wconf 75' lang='grc'>,,</span> 
     </span>
    </p>
   </div>
   <div class='ocr_carea' id='block_1_2' title="bbox 197 251 1044 382">
    <p class='ocr_par' dir='ltr' id='par_1_2' title="bbox 197 251 1044 382">
     <span class='ocr_line' id='line_1_2' title="bbox 197 251 1044 382; baseline 0.004 -20"><span class='ocrx_word' id='word_1_2' title='bbox 197 251 201 258; x_wconf 53' lang='grc'><strong>’</strong></span> <span class='ocrx_word' id='word_1_3' title='bbox 291 301 475 364; x_wconf 75' lang='lat' dir='ltr'>orsrmcr.</span> <span class='ocrx_word' id='word_1_4' title='bbox 505 301 602 363; x_wconf 83' lang='lat' dir='ltr'>xvv</span> <span class='ocrx_word' id='word_1_5' title='bbox 627 299 773 381; x_wconf 75' lang='lat' dir='ltr'>oonsr.</span> <span class='ocrx_word' id='word_1_6' title='bbox 799 301 848 364; x_wconf 91' lang='lat' dir='ltr'>1v</span> <span class='ocrx_word' id='word_1_7' title='bbox 983 305 1023 365; x_wconf 90' lang='lat'>28</span> <span class='ocrx_word' id='word_1_8' title='bbox 1029 316 1044 382; x_wconf 83' lang='lat'><strong>5</strong></span> 
     </span>
    </p>
   </div>
   <div class='ocr_carea' id='block_1_3' title="bbox 100 506 1151 2402">
    <p class='ocr_par' dir='ltr' id='par_1_3' title="bbox 100 506 1151 1016">
     <span class='ocr_line' id='line_1_3' title="bbox 163 506 1072 588; baseline 0.002 -20"><span class='ocrx_word' id='word_1_9' title='bbox 163 506 228 568; x_wconf 75' lang='lat' dir='ltr'>Ad</span> <span class='ocrx_word' id='word_1_10' title='bbox 249 507 386 569; x_wconf 84' lang='lat' dir='ltr'>tertium</span> <span class='ocrx_word' id='word_1_11' title='bbox 417 527 503 588; x_wconf 83' lang='lat' dir='ltr'>nego</span> <span class='ocrx_word' id='word_1_12' title='bbox 526 506 796 587; x_wconf 83' lang='lat' dir='ltr'><em>consequentiam.</em></span> <span class='ocrx_word' id='word_1_13' title='bbox 831 507 890 569; x_wconf 84' lang='lat' dir='ltr'>Ad</span> <span class='ocrx_word' id='word_1_14' title='bbox 910 507 1072 588; x_wconf 78' lang='lat' dir='ltr'>probatio-</span> 
     </span>
     <span class='ocr_line' id='line_1_4' title="bbox 101 613 1073 697; baseline 0.004 -23"><span class='ocrx_word' id='word_1_15' title='bbox 101 633 170 674; x_wconf 85' lang='lat' dir='ltr'>nem</span> <span class='ocrx_word' id='word_1_16' title='bbox 196 613 278 676; x_wconf 92' lang='lat' dir='ltr'>dico</span> <span class='ocrx_word' id='word_1_17' title='bbox 302 614 391 697; x_wconf 92' lang='lat' dir='ltr'>quod</span> <span class='ocrx_word' id='word_1_18' title='bbox 426 613 614 695; x_wconf 82' lang='lat' dir='ltr'>praedicatio</span> <span class='ocrx_word' id='word_1_19' title='bbox 638 623 771 695; x_wconf 86' lang='lat' dir='ltr'>sumpta</span> <span class='ocrx_word' id='word_1_20' title='bbox 802 613 935 677; x_wconf 88' lang='lat' dir='ltr'>diversis</span> <span class='ocrx_word' id='word_1_21' title='bbox 958 613 1073 678; x_wconf 83' lang='lat' dir='ltr'>formis</span> 
     </span>
     <span class='ocr_line' id='line_1_5' title="bbox 100 720 1151 802; baseline 0 -22"><span class='ocrx_word' id='word_1_22' title='bbox 100 720 232 782; x_wconf 86' lang='lat' dir='ltr'>alterius</span> <span class='ocrx_word' id='word_1_23' title='bbox 258 721 387 802; x_wconf 88' lang='lat' dir='ltr'>generis</span> <span class='ocrx_word' id='word_1_24' title='bbox 409 728 458 783; x_wconf 88' lang='lat' dir='ltr'>est</span> <span class='ocrx_word' id='word_1_25' title='bbox 487 720 703 783; x_wconf 78' lang='lat' dir='ltr'>accidentalis</span> <span class='ocrx_word' id='word_1_26' title='bbox 729 720 794 785; x_wconf 89' lang='lat' dir='ltr'>Sed</span> <span class='ocrx_word' id='word_1_27' title='bbox 827 720 960 802; x_wconf 85' lang='lat' dir='ltr'>quando</span> <span class='ocrx_word' id='word_1_28' title='bbox 995 731 1073 784; x_wconf 88' lang='lat' dir='ltr'>sunt</span> <span class='ocrx_word' id='word_1_29' title='bbox 1148 773 1151 780; x_wconf 79' lang='grc'>,</span> 
     </span>
     <span class='ocr_line' id='line_1_6' title="bbox 101 824 1070 910; baseline 0.004 -23"><span class='ocrx_word' id='word_1_30' title='bbox 101 824 216 889; x_wconf 87' lang='lat' dir='ltr'>sormae</span> <span class='ocrx_word' id='word_1_31' title='bbox 234 827 386 908; x_wconf 87' lang='lat' dir='ltr'>ejusdem</span> <span class='ocrx_word' id='word_1_32' title='bbox 410 827 546 910; x_wconf 85' lang='lat' dir='ltr'>generis,</span> <span class='ocrx_word' id='word_1_33' title='bbox 563 835 644 908; x_wconf 86' lang='lat' dir='ltr'>puta</span> <span class='ocrx_word' id='word_1_34' title='bbox 667 826 867 901; x_wconf 79' lang='lat' dir='ltr'>substantioe,</span> <span class='ocrx_word' id='word_1_35' title='bbox 884 836 917 890; x_wconf 88' lang='lat' dir='ltr'>et</span> <span class='ocrx_word' id='word_1_36' title='bbox 940 849 1005 890; x_wconf 84' lang='lat' dir='ltr'>una</span> <span class='ocrx_word' id='word_1_37' title='bbox 1021 837 1070 891; x_wconf 91' lang='lat' dir='ltr'>est</span> 
     </span>
     <span class='ocr_line' id='line_1_7' title="bbox 100 933 883 1016; baseline 0.001 -21"><span class='ocrx_word' id='word_1_38' title='bbox 100 933 293 1014; x_wconf 85' lang='lat' dir='ltr'>potentialis</span> <span class='ocrx_word' id='word_1_39' title='bbox 316 941 462 1015; x_wconf 88' lang='lat' dir='ltr'>respectu</span> <span class='ocrx_word' id='word_1_40' title='bbox 486 933 628 1008; x_wconf 87' lang='lat' dir='ltr'>alterius,</span> <span class='ocrx_word' id='word_1_41' title='bbox 652 954 719 996; x_wconf 92' lang='lat' dir='ltr'>non</span> <span class='ocrx_word' id='word_1_42' title='bbox 744 941 883 1016; x_wconf 86' lang='lat' dir='ltr'><strong>oportet.</strong></span> 
     </span>
    </p>

    <p class='ocr_par' dir='ltr' id='par_1_4' title="bbox 102 1040 1074 1548">
     <span class='ocr_line' id='line_1_8' title="bbox 164 1040 1070 1123; baseline 0.001 -22"><span class='ocrx_word' id='word_1_43' title='bbox 164 1040 228 1102; x_wconf 85' lang='lat' dir='ltr'>Ad</span> <span class='ocrx_word' id='word_1_44' title='bbox 247 1050 406 1121; x_wconf 81' lang='lat' dir='ltr'>qnantum</span> <span class='ocrx_word' id='word_1_45' title='bbox 430 1059 516 1122; x_wconf 82' lang='lat' dir='ltr'>nego</span> <span class='ocrx_word' id='word_1_46' title='bbox 540 1040 709 1104; x_wconf 80' lang='lat' dir='ltr'><em>minorem.</em></span> <span class='ocrx_word' id='word_1_47' title='bbox 735 1040 780 1102; x_wconf 88' lang='lat' dir='ltr'>Et</span> <span class='ocrx_word' id='word_1_48' title='bbox 813 1061 889 1102; x_wconf 86' lang='lat' dir='ltr'>cum</span> <span class='ocrx_word' id='word_1_49' title='bbox 914 1041 1070 1123; x_wconf 85' lang='lat' dir='ltr'>probatur</span> 
     </span>
     <span class='ocr_line' id='line_1_9' title="bbox 102 1145 1073 1228; baseline 0.003 -21"><span class='ocrx_word' id='word_1_50' title='bbox 102 1146 190 1226; x_wconf 90' lang='lat' dir='ltr'>quod</span> <span class='ocrx_word' id='word_1_51' title='bbox 215 1145 327 1208; x_wconf 82' lang='lat' dir='ltr'>forma</span> <span class='ocrx_word' id='word_1_52' title='bbox 357 1146 501 1228; x_wconf 85' lang='lat' dir='ltr'>superior</span> <span class='ocrx_word' id='word_1_53' title='bbox 525 1146 670 1209; x_wconf 90' lang='lat' dir='ltr'>continet</span> <span class='ocrx_word' id='word_1_54' title='bbox 706 1145 900 1222; x_wconf 83' lang='lat' dir='ltr'>inferiorem,</span> <span class='ocrx_word' id='word_1_55' title='bbox 925 1147 1073 1210; x_wconf 89' lang='lat' dir='ltr'>concedo</span> 
     </span>
     <span class='ocr_line' id='line_1_10' title="bbox 103 1250 1070 1336; baseline 0.004 -23"><span class='ocrx_word' id='word_1_56' title='bbox 103 1251 142 1313; x_wconf 90' lang='lat' dir='ltr'>de</span> <span class='ocrx_word' id='word_1_57' title='bbox 164 1250 285 1315; x_wconf 87' lang='lat' dir='ltr'>formis</span> <span class='ocrx_word' id='word_1_58' title='bbox 301 1252 446 1335; x_wconf 85' lang='lat' dir='ltr'>ejusdem</span> <span class='ocrx_word' id='word_1_59' title='bbox 470 1253 601 1328; x_wconf 86' lang='lat' dir='ltr'>ordinis,</span> <span class='ocrx_word' id='word_1_60' title='bbox 625 1253 682 1316; x_wconf 90' lang='lat' dir='ltr'>sed</span> <span class='ocrx_word' id='word_1_61' title='bbox 699 1252 805 1316; x_wconf 84' lang='lat' dir='ltr'>forma</span> <span class='ocrx_word' id='word_1_62' title='bbox 831 1275 987 1336; x_wconf 85' lang='lat' dir='ltr'>corporea</span> <span class='ocrx_word' id='word_1_63' title='bbox 1005 1275 1070 1318; x_wconf 94' lang='lat' dir='ltr'>non</span> 
     </span>
     <span class='ocr_line' id='line_1_11' title="bbox 104 1359 1074 1443; baseline 0.002 -23"><span class='ocrx_word' id='word_1_64' title='bbox 104 1366 151 1420; x_wconf 90' lang='lat' dir='ltr'>est</span> <span class='ocrx_word' id='word_1_65' title='bbox 171 1359 326 1440; x_wconf 80' lang='lat' dir='ltr'>ejusdem</span> <span class='ocrx_word' id='word_1_66' title='bbox 350 1359 470 1422; x_wconf 85' lang='lat' dir='ltr'>ordinis</span> <span class='ocrx_word' id='word_1_67' title='bbox 493 1380 569 1422; x_wconf 90' lang='lat' dir='ltr'>cum</span> <span class='ocrx_word' id='word_1_68' title='bbox 593 1359 704 1423; x_wconf 87' lang='lat' dir='ltr'>anima</span> <span class='ocrx_word' id='word_1_69' title='bbox 740 1359 935 1423; x_wconf 84' lang='lat' dir='ltr'>intellectiva</span> <span class='ocrx_word' id='word_1_70' title='bbox 958 1381 1074 1443; x_wconf 84' lang='lat' dir='ltr'>quam-</span> 
     </span>
     <span class='ocr_line' id='line_1_12' title="bbox 104 1463 978 1548; baseline 0.005 -24"><span class='ocrx_word' id='word_1_71' title='bbox 104 1463 149 1527; x_wconf 90' lang='lat' dir='ltr'>vis</span> <span class='ocrx_word' id='word_1_72' title='bbox 171 1465 238 1528; x_wconf 90' lang='lat' dir='ltr'>sint</span> <span class='ocrx_word' id='word_1_73' title='bbox 263 1466 298 1529; x_wconf 90' lang='lat' dir='ltr'>in</span> <span class='ocrx_word' id='word_1_74' title='bbox 321 1466 439 1528; x_wconf 90' lang='lat' dir='ltr'>eodem</span> <span class='ocrx_word' id='word_1_75' title='bbox 465 1487 583 1548; x_wconf 88' lang='lat' dir='ltr'>genere</span> <span class='ocrx_word' id='word_1_76' title='bbox 606 1467 722 1529; x_wconf 89' lang='lat' dir='ltr'>saltem</span> <span class='ocrx_word' id='word_1_77' title='bbox 747 1475 882 1530; x_wconf 78' lang='lat' dir='ltr'>remoto</span> <span class='ocrx_word' id='word_1_78' title='bbox 973 1515 978 1528; x_wconf 88' lang='lat'><em>.</em></span> 
     </span>
    </p>

    <p class='ocr_par' dir='ltr' id='par_1_5' title="bbox 106 1572 1074 2402">
     <span class='ocr_line' id='line_1_13' title="bbox 168 1572 1070 1655; baseline 0.004 -22"><span class='ocrx_word' id='word_1_79' title='bbox 168 1573 229 1635; x_wconf 85' lang='lat' dir='ltr'>Ad</span> <span class='ocrx_word' id='word_1_80' title='bbox 249 1573 404 1655; x_wconf 81' lang='lat' dir='ltr'>quintum</span> <span class='ocrx_word' id='word_1_81' title='bbox 427 1572 500 1636; x_wconf 87' lang='lat' dir='ltr'>dico</span> <span class='ocrx_word' id='word_1_82' title='bbox 523 1573 614 1654; x_wconf 91' lang='lat' dir='ltr'>quod</span> <span class='ocrx_word' id='word_1_83' title='bbox 640 1573 824 1655; x_wconf 90' lang='lat' dir='ltr'>suppositio</span> <span class='ocrx_word' id='word_1_84' title='bbox 847 1573 981 1636; x_wconf 86' lang='lat' dir='ltr'>divisiva</span> <span class='ocrx_word' id='word_1_85' title='bbox 1005 1595 1070 1637; x_wconf 94' lang='lat' dir='ltr'>non</span> 
     </span>
     <span class='ocr_line' id='line_1_14' title="bbox 106 1674 1073 1762; baseline 0.006 -24"><span class='ocrx_word' id='word_1_86' title='bbox 106 1674 203 1741; x_wconf 85' lang='lat' dir='ltr'>habet</span> <span class='ocrx_word' id='word_1_87' title='bbox 227 1679 465 1755; x_wconf 81' lang='lat' dir='ltr'>necessitatem,</span> <span class='ocrx_word' id='word_1_88' title='bbox 501 1680 578 1761; x_wconf 87' lang='lat' dir='ltr'>quia</span> <span class='ocrx_word' id='word_1_89' title='bbox 601 1680 736 1762; x_wconf 88' lang='lat' dir='ltr'>quando</span> <span class='ocrx_word' id='word_1_90' title='bbox 770 1680 926 1762; x_wconf 86' lang='lat' dir='ltr'>quaeritur</span> <span class='ocrx_word' id='word_1_91' title='bbox 950 1681 992 1743; x_wconf 89' lang='lat' dir='ltr'>de</span> <span class='ocrx_word' id='word_1_92' title='bbox 1013 1682 1073 1744; x_wconf 81' lang='lat' dir='ltr'>ali-</span> 
     </span>
     <span class='ocr_line' id='line_1_15' title="bbox 108 1784 1072 1870; baseline 0.006 -26"><span class='ocrx_word' id='word_1_93' title='bbox 108 1784 224 1864; x_wconf 89' lang='lat' dir='ltr'>quibus</span> <span class='ocrx_word' id='word_1_94' title='bbox 247 1786 380 1849; x_wconf 91' lang='lat' dir='ltr'>duobus</span> <span class='ocrx_word' id='word_1_95' title='bbox 403 1795 513 1849; x_wconf 88' lang='lat' dir='ltr'>utrum</span> <span class='ocrx_word' id='word_1_96' title='bbox 548 1786 612 1848; x_wconf 91' lang='lat' dir='ltr'>sint</span> <span class='ocrx_word' id='word_1_97' title='bbox 634 1786 781 1867; x_wconf 86' lang='lat' dir='ltr'>ejusdem</span> <span class='ocrx_word' id='word_1_98' title='bbox 812 1787 929 1868; x_wconf 87' lang='lat' dir='ltr'>speciei</span> <span class='ocrx_word' id='word_1_99' title='bbox 952 1789 1072 1870; x_wconf 89' lang='lat' dir='ltr'>specia-</span> 
     </span>
     <span class='ocr_line' id='line_1_16' title="bbox 108 1888 1072 1976; baseline 0.008 -27"><span class='ocrx_word' id='word_1_100' title='bbox 108 1888 245 1968; x_wconf 87' lang='lat' dir='ltr'>lissimae,</span> <span class='ocrx_word' id='word_1_101' title='bbox 271 1902 402 1976; x_wconf 88' lang='lat' dir='ltr'>oportet</span> <span class='ocrx_word' id='word_1_102' title='bbox 424 1893 514 1974; x_wconf 89' lang='lat' dir='ltr'>quod</span> <span class='ocrx_word' id='word_1_103' title='bbox 538 1901 705 1974; x_wconf 88' lang='lat' dir='ltr'>utrunque</span> <span class='ocrx_word' id='word_1_104' title='bbox 727 1893 767 1955; x_wconf 91' lang='lat' dir='ltr'>sit</span> <span class='ocrx_word' id='word_1_105' title='bbox 802 1914 859 1975; x_wconf 91' lang='lat' dir='ltr'>per</span> <span class='ocrx_word' id='word_1_106' title='bbox 881 1915 916 1957; x_wconf 88' lang='lat' dir='ltr'>se</span> <span class='ocrx_word' id='word_1_107' title='bbox 938 1895 1072 1976; x_wconf 80' lang='lat' dir='ltr'>species,</span> 
     </span>
     <span class='ocr_line' id='line_1_17' title="bbox 110 1997 1070 2083; baseline 0.006 -26"><span class='ocrx_word' id='word_1_108' title='bbox 110 2005 219 2061; x_wconf 89' lang='lat' dir='ltr'>neutra</span> <span class='ocrx_word' id='word_1_109' title='bbox 243 2008 356 2063; x_wconf 88' lang='lat' dir='ltr'>autem</span> <span class='ocrx_word' id='word_1_110' title='bbox 380 1998 497 2062; x_wconf 89' lang='lat' dir='ltr'>harum</span> <span class='ocrx_word' id='word_1_111' title='bbox 521 1997 701 2062; x_wconf 85' lang='lat' dir='ltr'>formarum</span> <span class='ocrx_word' id='word_1_112' title='bbox 730 2008 779 2062; x_wconf 90' lang='lat' dir='ltr'>est</span> <span class='ocrx_word' id='word_1_113' title='bbox 802 2020 859 2082; x_wconf 91' lang='lat' dir='ltr'>per</span> <span class='ocrx_word' id='word_1_114' title='bbox 882 2021 916 2063; x_wconf 90' lang='lat' dir='ltr'>se</span> <span class='ocrx_word' id='word_1_115' title='bbox 939 2001 1070 2083; x_wconf 77' lang='lat' dir='ltr'>specieS,</span> 
     </span>
     <span class='ocr_line' id='line_1_18' title="bbox 110 2103 1074 2189; baseline 0.006 -25"><span class='ocrx_word' id='word_1_116' title='bbox 110 2103 162 2165; x_wconf 87' lang='lat' dir='ltr'>sed</span> <span class='ocrx_word' id='word_1_117' title='bbox 185 2126 262 2187; x_wconf 90' lang='lat' dir='ltr'>pars</span> <span class='ocrx_word' id='word_1_118' title='bbox 287 2106 413 2188; x_wconf 73' lang='lat' dir='ltr'>speciei</span> <span class='ocrx_word' id='word_1_119' title='bbox 444 2141 490 2153; x_wconf 93' lang='lat'>-</span> <span class='ocrx_word' id='word_1_120' title='bbox 512 2106 619 2169; x_wconf 83' lang='lat' dir='ltr'>Aliter</span> <span class='ocrx_word' id='word_1_121' title='bbox 651 2114 760 2188; x_wconf 89' lang='lat' dir='ltr'>potest</span> <span class='ocrx_word' id='word_1_122' title='bbox 794 2107 856 2169; x_wconf 89' lang='lat' dir='ltr'>dici</span> <span class='ocrx_word' id='word_1_123' title='bbox 880 2108 970 2189; x_wconf 94' lang='lat' dir='ltr'>quod</span> <span class='ocrx_word' id='word_1_124' title='bbox 994 2108 1074 2171; x_wconf 86' lang='lat' dir='ltr'>dato</span> 
     </span>
     <span class='ocr_line' id='line_1_19' title="bbox 111 2211 1073 2295; baseline 0.007 -25"><span class='ocrx_word' id='word_1_125' title='bbox 111 2212 196 2289; x_wconf 89' lang='lat' dir='ltr'>quod</span> <span class='ocrx_word' id='word_1_126' title='bbox 219 2213 287 2275; x_wconf 92' lang='lat' dir='ltr'>sint</span> <span class='ocrx_word' id='word_1_127' title='bbox 309 2213 439 2275; x_wconf 90' lang='lat' dir='ltr'>alterius</span> <span class='ocrx_word' id='word_1_128' title='bbox 461 2213 587 2294; x_wconf 88' lang='lat' dir='ltr'>speciei,</span> <span class='ocrx_word' id='word_1_129' title='bbox 611 2211 720 2275; x_wconf 89' lang='lat' dir='ltr'>adhuc</span> <span class='ocrx_word' id='word_1_130' title='bbox 755 2212 877 2276; x_wconf 83' lang='lat' dir='ltr'>faciunt</span> <span class='ocrx_word' id='word_1_131' title='bbox 900 2234 956 2295; x_wconf 88' lang='lat' dir='ltr'>per</span> <span class='ocrx_word' id='word_1_132' title='bbox 981 2235 1015 2276; x_wconf 90' lang='lat' dir='ltr'>se</span> <span class='ocrx_word' id='word_1_133' title='bbox 1039 2236 1073 2277; x_wconf 90' lang='lat' dir='ltr'>u·</span> 
     </span>
     <span class='ocr_line' id='line_1_20' title="bbox 112 2319 965 2402; baseline 0.007 -26"><span class='ocrx_word' id='word_1_134' title='bbox 112 2334 197 2392; x_wconf 88' lang='lat' dir='ltr'>num,</span> <span class='ocrx_word' id='word_1_135' title='bbox 220 2319 301 2402; x_wconf 88' lang='lat' dir='ltr'>quia</span> <span class='ocrx_word' id='word_1_136' title='bbox 325 2340 390 2382; x_wconf 86' lang='lat' dir='ltr'>una</span> <span class='ocrx_word' id='word_1_137' title='bbox 413 2328 462 2382; x_wconf 86' lang='lat' dir='ltr'>est</span> <span class='ocrx_word' id='word_1_138' title='bbox 485 2319 631 2401; x_wconf 87' lang='lat' dir='ltr'>potentia</span> <span class='ocrx_word' id='word_1_139' title='bbox 654 2330 802 2401; x_wconf 88' lang='lat' dir='ltr'>respectu</span> <span class='ocrx_word' id='word_1_140' title='bbox 826 2320 965 2384; x_wconf 85' lang='lat' dir='ltr'>alterius.</span> 
     </span>
    </p>
   </div>
   <div class='ocr_carea' id='block_1_4' title="bbox 113 2531 1074 3461">
    <p class='ocr_par' dir='ltr' id='par_1_6' title="bbox 113 2531 1072 2831">
     <span class='ocr_line' id='line_1_21' title="bbox 174 2531 1072 2615; baseline 0.002 -21"><span class='ocrx_word' id='word_1_141' title='bbox 174 2531 234 2595; x_wconf 86' lang='lat' dir='ltr'>AD</span> <span class='ocrx_word' id='word_1_142' title='bbox 259 2547 406 2598; x_wconf 80' lang='lat' dir='ltr'>PRIMUM</span> <span class='ocrx_word' id='word_1_143' title='bbox 429 2547 646 2597; x_wconf 80' lang='lat' dir='ltr'>PRINCIPALE</span> <span class='ocrx_word' id='word_1_144' title='bbox 663 2533 736 2596; x_wconf 90' lang='lat' dir='ltr'>dico</span> <span class='ocrx_word' id='word_1_145' title='bbox 771 2534 861 2615; x_wconf 89' lang='lat' dir='ltr'>quod</span> <span class='ocrx_word' id='word_1_146' title='bbox 885 2555 960 2596; x_wconf 88' lang='lat' dir='ltr'>caro</span> <span class='ocrx_word' id='word_1_147' title='bbox 985 2555 1072 2597; x_wconf 90' lang='lat' dir='ltr'>mor-</span> 
     </span>
     <span class='ocr_line' id='line_1_22' title="bbox 113 2640 1072 2723; baseline 0.005 -25"><span class='ocrx_word' id='word_1_148' title='bbox 113 2641 165 2698; x_wconf 84' lang='lat' dir='ltr'>tua</span> <span class='ocrx_word' id='word_1_149' title='bbox 185 2649 234 2703; x_wconf 90' lang='lat' dir='ltr'>est</span> <span class='ocrx_word' id='word_1_150' title='bbox 256 2661 335 2704; x_wconf 90' lang='lat' dir='ltr'>caro</span> <span class='ocrx_word' id='word_1_151' title='bbox 358 2641 504 2716; x_wconf 84' lang='lat' dir='ltr'>univoce,</span> <span class='ocrx_word' id='word_1_152' title='bbox 529 2640 585 2702; x_wconf 88' lang='lat' dir='ltr'>sed</span> <span class='ocrx_word' id='word_1_153' title='bbox 608 2650 657 2702; x_wconf 90' lang='lat' dir='ltr'>est</span> <span class='ocrx_word' id='word_1_154' title='bbox 680 2661 755 2702; x_wconf 87' lang='lat' dir='ltr'>caro</span> <span class='ocrx_word' id='word_1_155' title='bbox 786 2641 860 2703; x_wconf 84' lang='lat' dir='ltr'>viva</span> <span class='ocrx_word' id='word_1_156' title='bbox 891 2640 1072 2723; x_wconf 82' lang='lat' dir='ltr'>aequivoce,</span> 
     </span>
     <span class='ocr_line' id='line_1_23' title="bbox 114 2743 1025 2831; baseline 0.005 -28"><span class='ocrx_word' id='word_1_157' title='bbox 114 2743 185 2822; x_wconf 88' lang='lat' dir='ltr'>quia</span> <span class='ocrx_word' id='word_1_158' title='bbox 207 2756 242 2810; x_wconf 90' lang='lat' dir='ltr'>ut</span> <span class='ocrx_word' id='word_1_159' title='bbox 268 2747 312 2810; x_wconf 89' lang='lat' dir='ltr'>sic</span> <span class='ocrx_word' id='word_1_160' title='bbox 336 2767 401 2810; x_wconf 92' lang='lat' dir='ltr'>non</span> <span class='ocrx_word' id='word_1_161' title='bbox 425 2755 532 2831; x_wconf 88' lang='lat' dir='ltr'>potest</span> <span class='ocrx_word' id='word_1_162' title='bbox 554 2745 659 2809; x_wconf 86' lang='lat' dir='ltr'>facere</span> <span class='ocrx_word' id='word_1_163' title='bbox 682 2768 781 2829; x_wconf 89' lang='lat' dir='ltr'>opera</span> <span class='ocrx_word' id='word_1_164' title='bbox 804 2747 907 2810; x_wconf 87' lang='lat' dir='ltr'>carnis</span> <span class='ocrx_word' id='word_1_165' title='bbox 930 2747 1025 2810; x_wconf 86' lang='lat' dir='ltr'>vivae.</span> 
     </span>
    </p>

    <p class='ocr_par' dir='ltr' id='par_1_7' title="bbox 115 2853 1074 3461">
     <span class='ocr_line' id='line_1_24' title="bbox 174 2853 1072 2936; baseline 0.001 -22"><span class='ocrx_word' id='word_1_166' title='bbox 174 2853 232 2916; x_wconf 81' lang='lat' dir='ltr'>Ad</span> <span class='ocrx_word' id='word_1_167' title='bbox 249 2854 428 2918; x_wconf 87' lang='lat' dir='ltr'>secundnm</span> <span class='ocrx_word' id='word_1_168' title='bbox 458 2853 633 2916; x_wconf 91' lang='lat' dir='ltr'>dicendum</span> <span class='ocrx_word' id='word_1_169' title='bbox 665 2854 755 2936; x_wconf 93' lang='lat' dir='ltr'>quod</span> <span class='ocrx_word' id='word_1_170' title='bbox 779 2855 857 2916; x_wconf 90' lang='lat' dir='ltr'>illud</span> <span class='ocrx_word' id='word_1_171' title='bbox 889 2863 937 2916; x_wconf 88' lang='lat' dir='ltr'>est</span> <span class='ocrx_word' id='word_1_172' title='bbox 961 2855 1072 2916; x_wconf 86' lang='lat' dir='ltr'>intelli-</span> 
     </span>
     <span class='ocr_line' id='line_1_25' title="bbox 115 2960 1073 3043; baseline 0.004 -23"><span class='ocrx_word' id='word_1_173' title='bbox 115 2960 254 3036; x_wconf 85' lang='lat' dir='ltr'>gendum</span> <span class='ocrx_word' id='word_1_174' title='bbox 272 2962 313 3024; x_wconf 90' lang='lat' dir='ltr'>de</span> <span class='ocrx_word' id='word_1_175' title='bbox 329 2961 508 3024; x_wconf 86' lang='lat' dir='ltr'>substantia</span> <span class='ocrx_word' id='word_1_176' title='bbox 524 2960 644 3023; x_wconf 88' lang='lat' dir='ltr'>directe</span> <span class='ocrx_word' id='word_1_177' title='bbox 655 2961 817 3024; x_wconf 84' lang='lat' dir='ltr'>existente</span> <span class='ocrx_word' id='word_1_178' title='bbox 834 2961 866 3022; x_wconf 89' lang='lat' dir='ltr'>in</span> <span class='ocrx_word' id='word_1_179' title='bbox 879 2981 997 3043; x_wconf 86' lang='lat' dir='ltr'>genere</span> <span class='ocrx_word' id='word_1_180' title='bbox 1020 2961 1073 3024; x_wconf 63' lang='lat' dir='ltr'>cui,</span> 
     </span>
     <span class='ocr_line' id='line_1_26' title="bbox 116 3067 1071 3150; baseline 0.008 -28"><span class='ocrx_word' id='word_1_181' title='bbox 116 3070 266 3148; x_wconf 90' lang='lat' dir='ltr'>competit</span> <span class='ocrx_word' id='word_1_182' title='bbox 291 3068 416 3150; x_wconf 91' lang='lat' dir='ltr'>plenius</span> <span class='ocrx_word' id='word_1_183' title='bbox 439 3067 521 3129; x_wconf 88' lang='lat' dir='ltr'>ratio</span> <span class='ocrx_word' id='word_1_184' title='bbox 544 3067 744 3129; x_wconf 87' lang='lat' dir='ltr'>substantiae.</span> <span class='ocrx_word' id='word_1_185' title='bbox 769 3104 813 3115; x_wconf 88' lang='lat'>—</span> <span class='ocrx_word' id='word_1_186' title='bbox 833 3067 940 3130; x_wconf 85' lang='lat' dir='ltr'>Aliter</span> <span class='ocrx_word' id='word_1_187' title='bbox 964 3075 1071 3149; x_wconf 88' lang='lat' dir='ltr'>potest</span> 
     </span>
     <span class='ocr_line' id='line_1_27' title="bbox 117 3168 1074 3256; baseline 0.006 -27"><span class='ocrx_word' id='word_1_188' title='bbox 117 3168 174 3232; x_wconf 91' lang='lat' dir='ltr'>dici</span> <span class='ocrx_word' id='word_1_189' title='bbox 188 3176 278 3256; x_wconf 92' lang='lat' dir='ltr'>quod</span> <span class='ocrx_word' id='word_1_190' title='bbox 295 3175 348 3236; x_wconf 86' lang='lat' dir='ltr'>illa</span> <span class='ocrx_word' id='word_1_191' title='bbox 370 3174 548 3236; x_wconf 87' lang='lat' dir='ltr'>similitudo</span> <span class='ocrx_word' id='word_1_192' title='bbox 564 3194 629 3235; x_wconf 93' lang='lat' dir='ltr'>non</span> <span class='ocrx_word' id='word_1_193' title='bbox 653 3181 742 3238; x_wconf 89' lang='lat' dir='ltr'>tenet</span> <span class='ocrx_word' id='word_1_194' title='bbox 758 3184 920 3256; x_wconf 86' lang='lat' dir='ltr'>quantum</span> <span class='ocrx_word' id='word_1_195' title='bbox 944 3174 1074 3236; x_wconf 81' lang='lat' dir='ltr'>adom-</span> 
     </span>
     <span class='ocr_line' id='line_1_28' title="bbox 118 3276 1071 3364; baseline 0.004 -25"><span class='ocrx_word' id='word_1_196' title='bbox 118 3276 174 3353; x_wconf 86' lang='lat' dir='ltr'>nia,</span> <span class='ocrx_word' id='word_1_197' title='bbox 196 3284 251 3344; x_wconf 83' lang='lat' dir='ltr'>sed</span> <span class='ocrx_word' id='word_1_198' title='bbox 276 3290 365 3344; x_wconf 89' lang='lat' dir='ltr'>tenet</span> <span class='ocrx_word' id='word_1_199' title='bbox 388 3290 548 3364; x_wconf 84' lang='lat' dir='ltr'>quantum</span> <span class='ocrx_word' id='word_1_200' title='bbox 572 3281 614 3343; x_wconf 87' lang='lat' dir='ltr'>ad</span> <span class='ocrx_word' id='word_1_201' title='bbox 638 3279 701 3343; x_wconf 88' lang='lat' dir='ltr'>hoc</span> <span class='ocrx_word' id='word_1_202' title='bbox 725 3281 814 3363; x_wconf 91' lang='lat' dir='ltr'>quod</span> <span class='ocrx_word' id='word_1_203' title='bbox 839 3281 921 3344; x_wconf 89' lang='lat' dir='ltr'>sicut</span> <span class='ocrx_word' id='word_1_204' title='bbox 944 3279 1071 3343; x_wconf 88' lang='lat' dir='ltr'>numeri</span> 
     </span>
     <span class='ocr_line' id='line_1_29' title="bbox 117 3386 833 3461; baseline 0.013 -19"><span class='ocrx_word' id='word_1_205' title='bbox 117 3386 291 3452; x_wconf 88' lang='lat' dir='ltr'>consistunt</span> <span class='ocrx_word' id='word_1_206' title='bbox 314 3388 346 3450; x_wconf 92' lang='lat' dir='ltr'>in</span> <span class='ocrx_word' id='word_1_207' title='bbox 370 3387 561 3461; x_wconf 86' lang='lat' dir='ltr'>indivisibili,</span> <span class='ocrx_word' id='word_1_208' title='bbox 586 3387 631 3449; x_wconf 88' lang='lat' dir='ltr'>ita</span> <span class='ocrx_word' id='word_1_209' title='bbox 653 3396 686 3449; x_wconf 90' lang='lat' dir='ltr'>et</span> <span class='ocrx_word' id='word_1_210' title='bbox 710 3386 833 3453; x_wconf 83' lang='lat' dir='ltr'>sormae.</span> 
     </span>
    </p>
   </div>
   <div class='ocr_carea' id='block_1_5' title="bbox 555 3602 634 3706">
    <p class='ocr_par' dir='ltr' id='par_1_8' title="bbox 555 3602 634 3706">
     <span class='ocr_line' id='line_1_30' title="bbox 555 3602 634 3706; baseline 0 0"><span class='ocrx_word' id='word_1_211' title='bbox 555 3602 634 3706; x_wconf 46' lang='lat' dir='ltr'>R</span> 
     </span>
    </p>
   </div>
   <div class='ocr_carea' id='block_1_6' title="bbox 0 0 1351 4267">
    <p class='ocr_par' dir='ltr' id='par_1_9' title="bbox 0 0 1351 4267">
     <span class='ocr_line' id='line_1_31' title="bbox 0 0 1351 4267; baseline 0 0"><span class='ocrx_word' id='word_1_212' title='bbox 0 0 1351 4267; x_wconf 95' lang='lat' dir='ltr'> </span> 
     </span>
    </p>
   </div>
  </div>
 </body>
</html>
