2634 4267
325 264 583 329 Donucam
608 263 755 346 Quasa.
780 265 828 327 IV
1005 281 1061 343 141

103 473 268 555 angelica
293 492 397 553 quam
420 471 542 553 species
564 471 609 533 rei
625 469 804 545 sensibilis;
829 470 885 532 sed
901 470 1023 552 species
1043 471 1091 535 rei

102 578 277 642 sensibilis
301 599 446 660 praesens
468 576 643 641 intellectui
667 585 715 639 est
739 577 902 640 sufficiens
926 577 1007 638 ratio
1035 597 1094 640 co«

105 685 301 768 gnoscendi
333 704 384 759 se;
416 705 496 767 ergo
526 705 593 747 non
630 684 739 745 minus
773 683 911 746 essentia
941 683 1093 766 angelica¹

105 812 265 874 praesens
289 790 464 853 intellectui
487 800 536 853 est
560 791 641 853 ratio
664 790 883 874 cognoscendi
907 811 950 852 se.

185 897 314 962 Contra
339 898 403 960 ista
425 897 513 960 dicta
536 898 688 978 objicitur
706 897 836 979 primo:
869 897 946 958 nihil
963 905 1011 958 est
1034 897 1092 958 ali«

105 1005 164 1067 cui
190 1004 279 1066 ratio
302 1003 459 1085 operandi
475 1004 663 1084 operatione
678 1003 888 1090 immanente‚
905 1003 964 1065 nisi
988 1001 1087 1065 insor-

108 1121 183 1174 met
209 1111 310 1174 illud:
335 1111 392 1172 sed
415 1111 552 1173 essentia
574 1111 681 1193 angeli
714 1131 779 1172 non
813 1108 966 1172 informat
997 1109 1091 1172 intel«

109 1220 242 1280 lectum
267 1217 471 1299 angelicum
495 1238 575 1298 ergo
599 1238 665 1279 non
689 1226 737 1278 est
760 1217 789 1279 ei
817 1217 898 1279 ratio
929 1217 1085 1296 operandi

109 1325 312 1407 operatione
335 1325 534 1386 immanente
550 1325 632 1386 sicut
648 1333 697 1386 est
720 1323 903 1385 intellectio

185 1430 336 1494 Secunu‘o
348 1430 410 1494 sic:
431 1430 456 1492 si
481 1431 562 1493 ratio
578 1431 722 1492 secunda
738 1431 832 1503 valet,
851 1430 978 1492 videtur
994 1431 1085 1510 quod

110 1538 275 1620 quaelibet
298 1537 414 1599 entitas
436 1536 476 1598 sit
499 1558 556 1619 per
587 1557 621 1599 se
644 1537 726 1599 ratio
753 1536 976 1598 intellectionis
1006 1557 1083 1601 curn

111 1645 187 1726 ipsa
211 1644 311 1705 etiam
335 1663 401 1705 non
424 1643 463 1704 sit
487 1642 620 1705 minoris
642 1643 793 1706 efficaciae
817 1663 917 1725 quam
942 1662 1000 1704 sua
1016 1663 1089 1724 spe-¹

112 1751 192 1834 cies.
427 1727 436 1744 ι

185 1856 245 1918 Ad
259 1855 408 1936 primum
432 1856 506 1918 dico
530 1857 619 1938 quod
643 1856 668 1918 si
693 1876 847 1938 ponerem
879 1841 1084 1927 intellectum

111 1984 189 2026 esse
211 1982 344 2024 causam
369 1963 503 2025 totalem
527 1963 760 2037 intellectioniS,
785 1972 1016 2044 argumentum
1037 1984 1079 2036 es-

112 2080 166 2134 set
190 2070 338 2146 difficile;
369 2071 426 2131 sed
449 2071 590 2132 tenendo
623 2078 658 2132 ut
689 2070 782 2151 posui
807 2089 836 2134 l.
867 2071 959 2142 Art,
991 2071 1083 2150 quod

112 2177 301 2240 intellectus
333 2176 431 2239 habet
462 2197 555 2239 suam
591 2177 822 2250 causalitatem,
855 2197 920 2239 non
951 2187 1083 2258 oportet

112 2283 208 2366 quod
225 2283 393 2362 objectum
409 2281 561 2346 informet
582 2283 779 2345 intellectum
796 2304 855 2345 nec
879 2304 1080 2360 econverso,

113 2389 194 2470 quia
217 2398 370 2450 neutrum
393 2390 450 2451 dat
472 2389 562 2450 alteri
585 2398 696 2451 actum
728 2390 896 2471 partialem
921 2390 1082 2471 pertinen«

112 2504 184 2558 tem
207 2496 250 2558 ad
273 2516 366 2558 suam
390 2495 610 2558 causalitatem
635 2496 813 2577 partialem.

182 2603 243 2664 Ad
260 2602 435 2664 secundum
451 2602 525 2664 dico
548 2602 638 2684 quod
653 2622 719 2663 non
743 2612 792 2665 est
807 2603 910 2665 simile
933 2604 974 2664 de
990 2603 1080 2666 intel-

113 2709 200 2771 lectu
225 2718 337 2772 nostro
360 2718 393 2770 et
414 2709 563 2791 angelico
586 2730 645 2790 pro
669 2718 754 2771 statu
780 2710 851 2784 ist0,
883 2709 959 2790 quia
991 2711 1080 2776 nulla

113 2815 295 2878 substantia
318 2836 338 2876 a
361 2815 455 2878 nobis
477 2824 526 2877 est
549 2837 609 2897 pro
631 2824 717 2878 statu
742 2816 885 2898 isto'per
920 2836 954 2877 se
986 2816 1079 2879 intel-

113 2922 252 3004 ligibilis.
277 2921 373 2985 Tunc
388 2922 475 2984 enim
488 2942 657 3002 possemus
671 2923 856 2984 naturaliter
880 2943 1079 3003 cognoscere

111 3028 295 3091 absentiam
319 3028 509 3091 substantiae
534 3028 625 3110 panis
648 3029 682 3091 in
711 3050 846 3111 corpore
879 3029 1007 3093 Christi.
1033 3031 1084 3102 Et,

110 3136 136 3198 si
159 3136 344 3198 intellectus
367 3144 476 3197 noster
498 3136 699 3218 intelligeret,
725 3157 784 3217 pro
808 3145 893 3198 statu
918 3136 989 3210 isto,
1008 3137 1077 3200 sine

109 3242 351 3325 phantasmate,
375 3242 503 3304 difficile
525 3252 608 3304 esset
631 3244 763 3305 solvere.
1097 3249 1099 3256 '

178 3454 240 3519 An
264 3468 412 3518 Parnon
442 3469 659 3518 Pnrucnnua
684 3465 791 3537 potest
822 3456 954 3517 concedi
985 3457 1077 3536 quod

108 3564 219 3625 anima
242 3562 393 3644 intelligit
417 3582 450 3641 se
473 3583 530 3643 per
553 3563 725 3624 essentiam
749 3582 842 3624 suam
867 3563 925 3623 nisi
957 3561 1077 3626 habeat

109 3670 404 3753 impedimentum;
429 3669 485 3731 sed
509 3690 569 3750 pro
600 3677 686 3731 statu
719 3669 780 3730 isto
812 3668 910 3730 habet
941 3668 1081 3748 impedi«.
