2634 4267
420 255 607 318 DISTINCT.
632 255 646 316 1
672 254 817 337 QuAEsr.
843 255 876 319 V
1054 272 1093 334 41

141 472 277 535 contra,
307 461 385 543 quia
407 480 609 542 consequens
623 492 626 498 ·
640 481 706 523 non
729 469 830 523 esset·
842 460 1121 523 inconvenientius

143 568 378 632 antecedente.
405 566 496 630 Sicut
518 567 604 629 enim
621 567 746 648 antiqui
763 565 949 649 philosophi
966 567 1122 630 dixerunt

144 676 267 739 omnia
290 674 481 756 apparentia
504 695 573 737 esse
596 673 682 747 ve'ra,
707 674 780 737 ideo
804 683 911 756 potest
934 675 997 736 dici
1029 674 1120 736 aliter

143 783 246 864 ·quod
270 780 501 843 inconveniens
524 790 573 843 est
596 780 707 843 omnia
730 779 906 843 formaliter
930 801 1001 842 esse
1023 780 1065 842 ad
1089 801 1120 841 a·

155 889 269 971 liquid.
295 887 402 949 Aliter
426 896 533 968 potest
555 887 620 949 dici
641 887 822 949 secundum
847 888 934 949 viam
963 887 1119 949 Varronis

143 995 246 1077 quod
263 994 493 1056 inconveniens
508 1003 557 1056 est
569 994 680 1056 omnia
699 1014 768 1056 esse
784 995 825 1056 ad
854 994 985 1075 aliquid,
1000 1002 1036 1056 ut
1057 1013 1121 1055 una

154 1111 307 1164 creatura
329 1100 536 1163 essentialiter
560 1101 685 1163 dicatur
709 1102 751 1163 ad
774 1101 889 1185 aliam;
915 1121 981 1162 non
1004 1109 1052 1163 est
1068 1121 1119 1162 au·

154 1219 225 1271 tem
239 1207 467 1271 inconveniens
491 1208 601 1297 omnia
624 1228 693 1269 esse
708 1208 750 1269 ad
766 1208 901 1289 aliquid,
927 1216 963 1270 ut
975 1216 1122 1269 creatura

161 1316 280 1378 dicitur
304 1315 346 1376 ad
370 1335 501 1377 causam
525 1314 676 1396 primam.

228 1422 286 1484 Ad
316 1422 491 1483 secundum
526 1421 600 1483 dico
634 1422 724 1502 quod
762 1422 1016 1502 praedicamenta
1047 1431 1122 1483 sunt

157 1528 268 1611 primo
292 1528 403 1609 seipsis
425 1527 551 1590 diversa
574 1527 606 1589 iu
630 1528 808 1590 rationibus
831 1527 1024 1590 formalibus
1052 1528 1122 1609 qui-

149 1636 222 1698 ‘bus
245 1634 407 1697 differunt.
433 1633 538 1696 Aliter
563 1642 670 1716 potest
692 1631 754 1697 dici
778 1637 867 1716 quod
891 1644 1122 1717 argumentum

158 1762 226 1804 non
251 1742 338 1803 valet
368 1741 445 1822 quia
475 1741 534 1803 ista
566 1740 677 1803 relatio
709 1742 750 1803 de
781 1763 846 1823 qua
878 1742 1041 1824 loquimur
1075 1751 1124 1803 est

146 1849 401 1921 transcendens,
418 1856 450 1909 et
466 1869 531 1910 non
548 1856 596 1909 est
612 1847 747 1928 alicujus
763 1849 889 1930 generis
909 1848 1122 1910 determinati.

227 1954 286 2016 Ad
306 1955 438 2017 tortium
462 1955 535 2017 dico
559 1956 648 2036 quod
672 1955 848 2017 auctoritas
872 1955 1053 2017 Avicennae
1070 1976 1126 2016 ex·

157 2062 261 2124 cludit
277 2083 297 2124 a
312 2060 494 2143 quidditate
517 2082 620 2123 unum
637 2071 669 2124 et
694 2062 806 2135 multa,
824 2071 935 2124 actum
951 2073 984 2124 et
1008 2071 1124 2143 poten-

146 2168 249 2242 tiam,
282 2178 314 2231 et
346 2167 543 2248 hujusmodi,
564 2168 640 2249 quia
665 2169 790 2231 nullum
810 2169 874 2230 tale
896 2179 945 2231 est
968 2170 1010 2231 de
1033 2169 1125 2231 intel-

159 2275 245 2348 lectu
269 2274 460 2356 quidditatis
483 2273 671 2337 formaliter.

522 2468 699 2551 QuAEsrro
724 2470 766 2533 V.

494 2628 615 2706 Quinto
637 2630 812 2713 quceritur:

394 2787 501 2845 Utrum
518 2790 654 2844 creatura
678 2789 766 2858 possit
785 2804 894 2845 creare.

229 2934 371 2996 Videtur
394 2933 484 3014 quod
507 2935 551 2996 sie
569 2955 631 3025 per
655 2935 883 3017 Augustinum
914 2934 969 3015 82³.
1006 2934 1125 3011 Quaest.

163 3040 219 3125 78.
243 3039 548 3122 Artifices-inquit,
567 3040 656 3104 nonis¹
663 3048 801 3123 possunt
823 3063 941 3116 creare,
958 3042 1035 3123 quia
1051 3064 1126 3125 ope-

162 3157 274 3210 rantur
299 3168 357 3229 per
380 3168 515 3229 corpus;
539 3149 595 3210 sed
619 3158 765 3229 creatura
789 3149 951 3211 rationalis
969 3170 1035 3211 non
1052 3171 1130 3232 ope·

163 3265 253 3316 ratur
277 3274 336 3336 per
358 3274 495 3336 corpus;
519 3275 607 3336 ergo

233 3360 388 3425 Secundo
418 3361 472 3423 sic:
498 3361 642 3424 Effectus
667 3383 732 3424 non
764 3362 942 3443 adaequans
973 3362 1126 3425 virtutem

150 3488 271 3530 causae
288 3466 461 3549 superioris
476 3477 584 3549 potest
599 3469 735 3549 produci
752 3489 771 3530 a
787 3489 884 3531 causa
900 3468 1054 3544 inferiori;
1071 3470 1128 3531 sed

164 3575 272 3637 nullus
294 3573 430 3637 effectus
452 3583 579 3637 creatus
602 3596 679 3636 cum
696 3575 736 3637 sit
759 3574 869 3636 linitus
892 3574 1046 3656 adaequat
1069 3575 1127 3637 vir-

157 3689 273 3745 tutem
299 3680 462 3761 Dei'quae
486 3689 534 3743 est
557 3679 702 3755 infinita;
727 3702 815 3763 ergo.
