2634 4267
297 293 481 356 Disrmcr.
511 294 526 355 Ι
550 292 697 374 Qunsn
723 294 737 356 I
991 305 1006 371 5

55 412 112 420 m·—

49 510 142 580 pnrt.
160 521 192 580 q.
219 517 253 583 7.
281 519 311 560 a.
336 517 388 560 1..·
414 497 531 561 Omnis
554 497 659 561 forma
676 520 741 561 non
758 508 888 580 recepta
911 499 943 561 in
962 519 1033 561 ma-

64 607 141 669 teria
175 615 227 668 est
265 604 372 667 forma
405 604 544 680 infinita;
568 606 625 668 sed
660 615 777 668 natura
810 603 1031 679 ineffectibilis

64 714 143 775 idest
167 714 276 787 Deus,
300 721 350 774 est
365 711 570 792 hujusmodi;
595 732 675 795 ergo
698 722 814 775 natura
843 711 1026 774 ineffectibi-

62 821 103 881 'lis
124 829 171 882 est
196 818 338 881 infinita.
363 856 406 866 -
430 819 498 881 Isto
522 819 607 882 ratio
630 839 697 881 non
721 828 829 900 potest
851 828 935 881 stare
951 838 1031 881 cum

62 926 157 988 uictis
179 927 277 988 istius
303 926 465 988 Ductoris.
490 926 610 1007 Arguo
633 925 720 987 enim
744 926 808 987 sic:
835 924 952 989 Omnis
967 923 1032 986 for-

66 1052 121 1093 ma
143 1053 209 1094 non
235 1042 369 1113 recepta
392 1032 424 1094 in
449 1032 582 1094 materia
605 1041 654 1094 est
677 1031 810 1094 infinita.
836 1031 901 1096 Sed
925 1030 1031 1094 forma

70 1137 198 1220 Angeli,
222 1139 408 1201 secundum
433 1148 473 1213 te,
499 1147 636 1201 nonest
660 1148 789 1220 recepta
812 1139 844 1201 in
875 1137 1032 1216 materia3

69 1264 147 1325 ergo
169 1255 219 1308 est
243 1245 381 1307 infinita.
940 1252 950 1265 '

137 1350 200 1414 Sed
224 1351 345 1414 dicitur
368 1352 410 1413 ad
434 1351 513 1414 illud
536 1352 577 1414 ab
600 1353 717 1419 eodem
734 1363 824 1434 part.
849 1370 879 1414 ι.
903 1373 933 1433 q.
958 1370 989 1436 7.
1001 1372 1032 1413 o.

74 1475 106 1517 o.
129 1460 216 1539 quod
241 1459 320 1521 licet
342 1458 493 1540 Angelus
516 1459 557 1520 sit
580 1457 690 1521 finitus
705 1468 866 1541 quantum
883 1459 925 1521 ad
941 1478 1033 1539 supe-

80 1563 137 1625 rius
158 1575 205 1627 est
229 1575 344 1632 tamen
361 1564 504 1628 infinitus
526 1576 687 1647 quantum
711 1567 753 1629 ad
776 1565 916 1629 inferius.
942 1566 1034 1627 Deus

75 1678 179 1731 autem
204 1681 349 1754 utroque
373 1673 472 1734 modo
495 1681 545 1735 θεῖ
567 1671 719 1735 infinitus.
744 1710 787 1720 -
816 1670 946 1752 Contra,
971 1671 1034 1734 for·

85 1777 165 1838 malis
181 1779 262 1841 ratio
279 1777 447 1841 infinitatis
461 1778 558 1841 debet
573 1779 675 1861 accipi
691 1801 748 1861 per
764 1779 973 1842 intrinsecum
990 1800 1037 1841 es·

78 1883 183 1945 sentiae
205 1895 239 1947 et
262 1906 333 1948 non
350 1906 407 1967 per
422 1886 650 1959 extrinsecum,
668 1887 756 1949 etsie
779 1906 845 1948 non
861 1886 893 1948 in
910 1906 1031 1967 respec-

80 1994 115 2046 tu
136 1990 173 2051 ad
195 2012 331 2055 causam
354 2012 411 2073 per
427 1992 520 2073 cujus
535 1994 812 2074 comparationem
829 1992 943 2054 dicunt
959 1992 1033 2054 An-

90 2094 185 2171 geium
207 2096 301 2160 finiri.
327 2098 499 2174 Proterra,
524 2108 580 2161 aut
603 2100 711 2181 major
732 2108 789 2162 tua
811 2107 859 2161 θεῖ
883 2098 1032 2180 simplici-

84 2204 130 2259 ·ter
148 2203 193 2264 vel
224 2205 446 2268 universaliter
468 2226 553 2279 vera,
584 2215 618 2267 et
639 2215 719 2267 tunc
746 2226 809 2288 ego
832 2225 970 2288 arguam
994 2206 1036 2267 de

86 2303 207 2388 Angelo
222 2312 305 2374 sicut
329 2320 365 2373 tu
389 2313 430 2374 de
447 2312 536 2392 De03
553 2321 609 2375 aut
632 2321 681 2374 est
697 2312 930 2394 particulariter
946 2333 1033 2387 vera,

85 2413 176 2475 etsie
197 2437 261 2479 non
286 2418 374 2480 valet
396 2418 439 2479 ad
462 2419 726 2481 concludendum
757 2439 826 2481 esse
849 2419 1036 2500 simpliciter

94 2512 246 2597 infinitum,
271 2524 350 2606 quia
379 2545 445 2586 non
468 2533 517 2587 est
540 2524 670 2605 majoris
697 2525 839 2588 ambitus
869 2525 1034 2588 conclusio

90 2638 179 2699 quam
194 2630 380 2708 praemissae,
398 2640 434 2693 ut
457 2640 548 2713 patet
569 2652 611 2694 ex
634 2650 665 2697 Ι.
689 2632 798 2695 Prior.

151 2730 221 2795 Ideo
243 2736 360 2800 dicitur
383 2738 473 2800 aliter
496 2737 538 2800 ab
561 2739 639 2816 aliis,
672 2739 763 2821 quod
801 2748 1034 2822 argumentum

93 2849 152 2895 vnon
170 2841 259 2917 valet,
283 2844 360 2927 quia
398 2865 466 2907 esse
489 2845 611 2928 Angeli
642 2846 713 2909 finit
750 2846 928 2909 essentiam
956 2845 1036 2927 ejus,

93 2938 140 2999 'vel
151 2954 194 3005 est
207 2951 341 3014 essentia
363 2951 440 3032 ejus.
455 2990 499 2999 —
516 2950 644 3028 Contra,
669 2953 746 3035 quia
769 2953 949 3016 secundum
974 2973 1033 3015 eos

97 3059 158 3106 esse
185 3062 229 3114 est
260 3058 407 3121 accidens
441 3059 597 3134 essentiae,
626 3069 659 3122 et
692 3069 741 3122 θεῖ
780 3060 939 3142 posterius
976 3080 1031 3122 na-

101 3152 238 3235 turaliter;
254 3182 332 3246 ergo
355 3165 387 3227 in
411 3166 517 3247 primo
540 3167 634 3248 signo
650 3176 776 3230 naturae
799 3166 908 3230 adhuc
924 3187 1032 3229 essen-

99 3252 140 3314 ztia
159 3259 278 3346 Angeli,
313 3282 348 3334 ut
386 3272 472 3353 prior
495 3281 542 3334 est
566 3271 691 3335 infinita
725 3273 891 3347 intensive,
915 3282 949 3336 et
980 3294 1038 3355 per

108 3359 170 3425 nihil
191 3376 341 3449 posterius
364 3377 516 3440 finitatur.

51 3526 52 3541 i
162 3472 226 3538 Ideo
246 3482 308 3546 olii
328 3495 476 3566 arguunt
496 3485 610 3548 aliter:
628 3485 774 3547 Primum
790 3507 847 3549 ens
862 3495 966 3562 creat;
983 3507 1031 3549 er-

52 3646 54 3665 p
108 3588 147 3647 Ις«ζο
165 3575 254 3647 habet
273 3591 450 3670 potentiam
482 3590 651 3655 infinitam.
696 3590 928 3675 Consequentia
968 3614 1042 3675 pro-

111 3669 199 3759 batur,
220 3693 290 3771 quia
312 3696 410 3759 habet
432 3699 613 3780 potentiam
630 3719 706 3779 quae
729 3699 844 3762 transit
867 3720 963 3781 super
986 3720 1045 3762 ex·
