2634 4267
341 260 527 323 Drsrnrcs.
551 259 600 322 IV
624 258 771 342 Qumsr.
795 260 810 321 1
1016 271 1072 338 171

138 472 311 546 peccatum
335 465 509 548 aliquando
532 464 688 546 accipitur
712 484 772 546 pro
799 462 928 526 defectu
952 463 1097 545 praecise,

138 570 314 653 aliquando
338 592 415 634 vero
438 592 498 653 pro
521 549 652 634 defectu
684 559 878 653 imputabili,
902 570 985 633 sicut
1008 578 1098 652 patet

134 695 165 756 j.
189 677 325 751 Ethic„
353 678 409 740 ubi
432 677 616 760 dicitquod
640 677 809 740 orbatusa
833 686 949 740 natura
973 696 1039 739 non
1056 676 1100 738 vi·

138 792 317 866 tuperatur,
342 784 474 846 orbatus
497 805 541 846 ex
564 783 764 847 continentia
787 783 837 846 vel
862 783 984 846 malitia
1013 782 1099 845 vitu·

138 899 276 971 peratur.
302 891 398 954 Tunc
428 892 470 953 ad
502 891 708 973 propositum
739 889 816 953 dicit
838 891 929 972 quod
962 890 1098 972 angelus

139 998 242 1078 potuit
266 1018 404 1080 peccare
419 998 452 1060 in
475 997 583 1079 primo
598 997 729 1060 instanti
752 1017 820 1060 suae
837 997 1005 1059 creationis
1029 1016 1099 1078 pec-

139 1112 209 1166 cato
232 1105 327 1188 quod
350 1113 399 1166 est
414 1104 521 1167 solum
544 1103 699 1178 desectus
724 1113 757 1166 et
780 1103 828 1182 sic*
840 1103 1028 1186 intelligitur
1051 1123 1099 1166 se-

140 1191 259 1273 cunda¹
274 1210 397 1293 opinio.
423 1209 593 1274 Sumendo
620 1219 731 1273 autem
762 1219 933 1292 peccatum
965 1230 1024 1291 pro
1047 1209 1100 1272 de·

140 1314 221 1379 fectu
246 1316 442 1400 imputabili‚
459 1317 594 1399 angelus
617 1337 683 1378 non
700 1317 807 1399 potuit
830 1337 964 1399 peccare
987 1316 1033 1378 ab
1052 1315 1098 1377 in-

140 1424 232 1485 stanti
256 1445 328 1487 suae
359 1424 538 1504 creationis,
562 1424 663 1486 etsie
693 1424 881 1506 intelligitur
904 1423 1010 1505 prima
1033 1423 1101 1505 opi·
1189 1469 1197 1482 .

141 1549 200 1591 mo.

203 1635 273 1699 Sed
292 1637 459 1719 quidquid
478 1637 523 1700 sit
543 1638 585 1699 de
608 1637 668 1700 ista
692 1637 867 1699 concordia
889 1637 1031 1699 tenendo
1054 1656 1100 1698 se-

142 1743 280 1805 cundam
305 1743 494 1826 opinionem
517 1744 591 1806 dico
606 1744 649 1805 ad
673 1744 812 1806 rationes
836 1742 950 1825 primae
974 1741 1098 1824 opinio-

142 1848 186 1910 nis
207 1851 298 1931 quod
324 1870 390 1912 non
413 1849 623 1912 concludunt.
695 1845 699 1851 ’
797 1901 802 1912 .

204 1956 261 2018 Ad
282 1956 434 2038 primum
466 1957 540 2019 dico
570 1957 661 2038 quod
684 1965 732 2018 est
756 1965 868 2018 contra
898 1976 971 2018 eam
995 1955 1100 2017 Philo-

142 2062 259 2142 sophus
283 2083 337 2126 10.
362 2061 472 2128 Ethic.
497 2063 551 2125 ubi
576 2063 653 2125 dicit
688 2064 778 2144 quod
801 2063 972 2125 delectatio
995 2071 1028 2125 et
1051 2062 1095 2123 vi-

144 2188 192 2230 sus
207 2168 290 2233 fiunt
303 2171 337 2232 in
349 2169 490 2232 instanti.
508 2153 590 2232 ltem
603 2170 682 2233 dicit
696 2189 726 2235 2.
742 2170 925 2242 deAnr'ma,
942 2170 1032 2250 quod
1041 2170 1099 2230 lux

144 2271 236 2337 fertur
259 2277 294 2339 in
311 2276 453 2351 instanti,
477 2285 509 2338 et
533 2277 686 2358 reprobat
709 2277 796 2338 illam
821 2276 1007 2358 opinionem
1024 2295 1099 2357 quae

143 2380 215 2443 dicit
237 2384 330 2464 quod
353 2384 393 2444 sit
416 2382 619 2465 intempore
650 2383 859 2466 perceptibili.
892 2385 974 2446 Item
998 2382 1100 2463 sequi-

144 2493 192 2547 tur
213 2490 305 2571 quod
328 2488 437 2551 anima
459 2489 492 2552 in
515 2490 622 2580 primo
645 2490 777 2553 instanti
800 2489 1010 2571 separationis
1033 2509 1099 2550 non

144 2604 221 2656 esset
243 2596 341 2658 beata
375 2617 435 2658 nec
459 2596 574 2658 misera
605 2618 649 2659 ex
672 2617 739 2679 quo
773 2605 865 2659 actus
896 2604 1100 2658 mensuratur

145 2706 298 2782 tempore.

205 2809 263 2871 Ad
294 2809 469 2871 secundum
501 2809 543 2871 de
566 2809 739 2889 Anselm0‚
775 2810 848 2872 dico
871 2809 961 2890 quod
985 2808 1100 2871 Ansel-

146 2930 213 2974 mus
235 2914 333 2978 finxit
356 2915 400 2977 ibi
424 2923 527 2978 'unum
551 2916 724 2997 Angelum
755 2916 810 2997 qui
834 2924 917 2978 esset
940 2916 1028 2977 nuda
1051 2936 1100 2977 es-

146 3019 240 3082 sentia
264 3042 332 3084 non
365 3022 488 3085 habens
510 3023 682 3084 essentiam
718 3022 884 3085 volitivam
908 3043 1008 3103 quam
1033 3022 1100 3102 ipse

146 3128 267 3191 vocavit
303 3129 565 3191 instrumentum.
599 3130 643 3190 Et
666 3130 708 3192 de
738 3130 799 3191 isto
834 3130 979 3191 concedo
1010 3129 1099 3210 quod

147 3249 207 3293 non
241 3234 340 3297 habet
363 3235 507 3317 primum
542 3235 624 3298 velle
646 3257 667 3297 a
689 3256 731 3298 se.
769 3236 913 3298 Etcum
938 3236 1098 3316 objicitur,

147 3346 198 3398 aut
220 3340 352 3404 haberet
375 3342 488 3403 volens
510 3351 567 3404 aut
591 3342 714 3415 nolens
739 3342 812 3404 dico
843 3342 933 3423 quod
957 3342 1099 3423 primum

148 3444 222 3507 velle
243 3468 309 3510 non
334 3447 433 3510 habet
457 3468 516 3510 nec
539 3448 651 3511 volens
683 3470 741 3511 nec
765 3449 886 3523 nolens
912 3451 968 3511 sed
995 3449 1100 3530 seipso

148 3546 327 3617 immediate
350 3553 434 3616 elicit
458 3554 490 3616 in
514 3548 625 3617 actum
650 3557 831 3618 secundum
863 3557 918 3637 qui
942 3556 1031 3619 velle.
1056 3592 1100 3602 -

150 3655 202 3718 Ad
219 3649 322 3723 aliam
353 3660 511 3723 rationem
532 3649 686 3723 ¹Anselmi
722 3663 794 3724 dico
819 3662 916 3744 quod·
932 3672 989 3724 aut
1012 3662 1100 3723 intel-
