2634 4267
352 290 540 355 Drsrmcr.
566 289 665 352 XXX
690 262 837 371 QuAEs‘i.
862 292 891 353 ll
978 297 989 313 ‘
1033 293 1091 370 381
1142 311 1147 333 ι

112 496 187 558 mis
216 516 318 577 quae
341 494 471 577 proprie
493 515 558 557 non
583 494 779 569 nutriuntur,
804 496 945 557 sednon
970 505 1018 558 est
1043 496 1117 576 jux·

110 602 309 683 tapositio
332 601 364 663 in
388 602 457 664 aliis
480 623 555 683 quae
579 602 709 683 proprie
733 603 928 677 nutriuntur,
954 603 1046 683 cujus
1063 604 1121 665 sci-

112 709 203 771 licet
232 708 360 789 aliqua
383 729 457 790 pars
481 706 586 783 fluxit,
610 717 643 769 et
666 718 779 789 postea
802 710 911 792 aliqua
935 730 1010 791 pars
1034 729 1120 771 nova

112 824 362 877 restauratur.
380 814 445 879 Sed
469 814 512 877 ibi
536 814 572 877 fit
588 815 742 896 quaedam
766 815 976 897 adgeneratio
1000 816 1050 877 vel
1075 816 1121 877 in-

114 919 322 1004 generatio
346 922 446 1003 partis
469 942 565 983 novae
589 920 662 983 loco
678 922 777 1003 partis
800 924 945 1003 antiquae
970 943 1045 1005 quae
1063 920 1121 983 flu-

114 1029 188 1091 xit.
442 1027 446 1031 ’

198 1243 279 1305 AD
306 1256 450 1305 PRIMUM
466 1255 684 1305 mmmmm
701 1242 774 1304 dico
790 1243 880 1323 quod
897 1243 1033 1306 verbum
1051 1243 1120 1308 Sal-

118 1350 270 1412 vatoris
297 1349 485 1431 intelligitur
508 1350 549 1411 de
572 1348 847 1429 superfluitatibus
870 1349 1048 1411 immundis
1072 1350 1119 1431 ip-

121 1456 199 1517 sius
227 1456 314 1530 cibi,
339 1476 405 1518 non
429 1457 470 1517 de
494 1455 760 1518 convenientibus
784 1456 921 1536 corpori.
953 1528 957 1537 .
1036 1470 1040 1481 ’

201 1547 277 1625 Ad
296 1563 474 1625 secundum
498 1570 587 1643 patet
610 1583 652 1623 ex
677 1562 780 1624 dictis,

203 1665 276 1731 Ad
290 1670 422 1731 t2rtium
448 1658 598 1750 quamvis
615 1669 748 1730 nutritio
772 1668 893 1731 sitnon
919 1670 1048 1751 proprie
1064 1690 1118 1752 ge-

126 1778 275 1839 neratio
300 1785 348 1838 est
364 1784 475 1838 tamen
499 1777 652 1857 quaedam
670 1776 889 1857 adgeneratiO,
907 1786 943 1837 ut
964 1777 1032 1856 jam
1054 1777 1118 1839 dic·

127 1891 212 1945 tum
241 1892 297 1946 est
322 1882 357 1944 in
381 1882 522 1944 secunda
546 1881 728 1963 qucestz'orze.

205 1990 276 2052 Ad
297 2000 451 2071 quartum
477 1989 550 2051 dico
573 1969 664 2070 quod
688 2009 746 2050 nec
771 1988 813 2049 ad
837 1989 973 2070 plenum
1000 2010 1058 2051 nec
1074 1991 1118 2052 ad

131 2116 294 2158 vacuum
318 2096 505 2177 simpliciter
528 2096 584 2157 sed
614 2096 656 2156 ad
680 2116 799 2176 corpus
834 2116 1001 2177 porosum.
1027 2095 1116 2177 Quo-

132 2204 248 2265 modo
275 2213 386 2264 autem
412 2201 474 2264 hoc
498 2212 639 2283 ponatur
664 2223 739 2263 cum
757 2201 787 2264 in
813 2200 876 2263 hoc
903 2201 1115 2283 reprehenda—

133 2316 192 2369 tur
220 2310 447 2390 Empedocles
470 2330 489 2369 a
505 2308 704 2389 Philosopho
729 2308 763 2369 iu
781 2327 810 2369 J.
836 2309 876 2370 de
894 2309 1114 2391 generativum

133 2415 274 2479 dicetur
299 2415 381 2478 forte
404 2416 436 2477 in
461 2416 665 2497 expositione
689 2416 838 2496 praedicti
863 2415 944 2477 libri.

114 2560 125 2563 -
208 2524 276 2586 Ad
288 2522 444 2585 ultimum
468 2522 541 2583 dico
550 2518 660 2603 primo
683 2523 772 2603 quod
790 2543 856 2585 non
880 2523 1045 2605 quidquid
1066 2533 1115 2586 est

136 2630 192 2690 vel
217 2629 284 2692 fuit
314 2630 356 2691 de
392 2629 577 2710 integritate
608 2627 762 2690 humanae
798 2639 923 2691 naturae
949 2630 981 2692 in
1005 2630 1116 2711 aliquo

138 2754 200 2813 per
224 2745 335 2799 totam
361 2756 455 2797 suam
485 2734 585 2797 vitam
620 2745 766 2816 resurget
790 2736 821 2796 in
845 2757 884 2798 eo
909 2737 992 2799 sicut
1025 2746 1115 2818 patet

140 2840 184 2902 de
209 2843 404 2925 gigantibus
428 2842 484 2925 qui
508 2844 702 2905 reducentur
725 2843 757 2905 in
781 2852 939 2905 staturam
969 2864 1117 2905 commu-

140 2966 232 3013 nem.
261 2950 369 3012 Aliter
394 2959 502 3031 potest
517 2950 579 3011 dici
604 2950 783 3011 secundum
800 2950 887 3011 viam
914 2949 1001 3013 Scoti
1019 2950 1064 3011 in.
1081 2969 1112 3033 4.

142 3058 237 3133 quod
262 3077 436 3138 nunquam
461 3056 521 3119 luit
537 3077 595 3118 nec
619 3057 678 3118 erit
702 3077 804 3137 usque
828 3056 860 3117 in
884 3055 983 3118 linem
1001 3057 1115 3119 mundi

141 3178 242 3242 aeque
265 3163 388 3245 aliquid
414 3164 455 3225 de
479 3164 613 3225 veritate
637 3162 790 3225 humanae
827 3171 954 3224 naturae
979 3163 1011 3224 in
1036 3163 1113 3224 duo·

143 3262 206 3329 bus
229 3270 418 3351 suppositis,
443 3280 476 3332 et
499 3271 572 3331 ideo
596 3278 742 3350 resurget
773 3270 908 3350 praecise
931 3268 963 3329 in
990 3290 1055 3332 uno
1078 3270 1111 3331 in

143 3392 213 3453 quo
239 3377 344 3459 magis
368 3375 428 3438 luit
451 3377 491 3439 de
515 3376 658 3449 veritate,
683 3377 732 3437 vel
751 3378 827 3457 quia
851 3376 963 3457 purius
975 3376 1024 3437 vel
1038 3377 1116 3457 quia

147 3484 253 3565 magis
276 3484 318 3546 de
341 3484 517 3546 intentione
541 3481 695 3545 humanae
720 3492 855 3545 naturae.

589 3645 668 3748 &Q
