2634 4267
241 296 456 359 visarum.
482 296 596 359 XXXI
621 296 768 377 QuAEsT.
793 297 914 360 Umor
1029 299 1091 376 383

117 511 202 599 aut
225 502 350 577 Adam,
378 511 410 565 et
445 502 508 565 hoc
542 524 618 578 non,
657 504 733 585 quia
766 504 845 566 dato
883 504 974 585 quod
997 504 1113 566 Adam

119 619 227 673 esset
255 610 460 683 annihilatus
495 609 605 673 adhuc
640 610 751 672 anima
789 609 923 675 haberet
957 610 1113 693 originale

125 726 330 798 peccatum.
355 752 400 764 -
422 718 595 790 Proeterea,
623 737 683 779 nos
699 717 924 779 contraximus
940 727 1112 799 peccatum

124 824 343 905 inquantum
366 822 488 888 fuimus
519 824 551 887 in
586 823 700 887 Adam
734 825 915 886 secundum
951 824 1112 890 rationem

129 931 348 1005 seminalem,
377 931 557 993 secundum
589 930 816 1012 Augustinum
840 941 937 1012 super
963 930 1041 993 Gen.
1066 932 1115 994 ad

126 1038 316 1111 lz'tteram,·
340 1039 397 1100 sed
421 1038 483 1099 hoc
514 1035 574 1099 fuit
605 1038 787 1099 secundum
822 1058 941 1119 corpus
975 1058 1041 1100 non
1065 1059 1111 1099 se·

130 1146 295 1207 cundum
317 1145 470 1219 animam,
484 1130 579 1207 'cum'
595 1144 706 1206 anima
736 1164 802 1206 non
826 1144 867 1207 sit
889 1166 933 1207 ex
955 1145 1108 1222 traduce3

128 1272 234 1333 ergo
921 1333 923 1338 Ι
1111 1233 1114 1239 i

209 1360 454 1423 RESPONDEO:
479 1358 541 1423 Hic
564 1368 641 1421 sunt
665 1359 731 1421 duo
755 1358 895 1421 Articuli
920 1358 1106 1445 secundum

128 1466 227 1528 duos
251 1466 368 1527 modos
386 1464 527 1528 dicendi.

215 1680 340 1747 Unus
364 1680 472 1747 talis
494 1684 571 1763 est,
596 1682 687 1763 quod
710 1682 792 1743 sicut
809 1683 954 1762 leprosus
973 1692 1106 1763 generat

134 1788 312 1869 quandam
336 1788 525 1869 qualitatem
560 1786 713 1850 infectam
749 1788 781 1849 in
804 1772 1003 1861 semine‚'ita
1027 1809 1104 1851 caro

134 1904 255 1957 nostra
278 1894 395 1957 infecta
422 1905 554 1977 generat
589 1896 620 1955 in
656 1895 778 1957 semine
812 1895 979 1975 quandam
1003 1896 1104 1976 quali-

134 2011 243 2063 tatem
269 2002 461 2073 morbidam,
486 2012 518 2063 et
552 2002 584 2062 in
620 2002 750 2063 instanti
774 2002 943 2063 creationis
966 2012 998 2063 et
1022 2001 1104 2063 infu-

134 2108 238 2170 sionis
262 2108 380 2169 animae
411 2107 480 2189 ipsa
515 2109 695 2169 maculatur
726 2129 745 2169 a
780 2128 875 2170 carne
909 2107 1036 2181 infecta,
1060 2110 1104 2170 ita

134 2217 229 2297 quod
255 2216 327 2280 licet
343 2216 395 2277 illa
410 2215 540 2291 infectio
556 2216 660 2277 carnis
680 2236 745 2277 non
770 2216 810 2276 sit
833 2215 865 2276 in
888 2236 985 2276 carne
1008 2216 1103 2297 culpa

134 2323 327 2395 formaliter,
352 2322 427 2404 quia
450 2323 483 2383 in
502 2322 681 2389 ,irrationali
705 2344 738 2383 re
765 2343 831 2384 non
855 2332 904 2383 est
926 2321 1103 2384 formaliter

135 2418 246 2511 culpa,
275 2438 323 2491 est
357 2438 466 2491 tamen
502 2430 628 2491 occasio
664 2430 769 2510 culpae
805 2429 836 2489 in
872 2429 980 2489 anima
1015 2430 1102 2491 carni

136 2537 240 2609 unita,
265 2545 298 2597 et
321 2535 383 2598 hoc
418 2536 534 2599 dicitur
570 2536 725 2617 originale
760 2545 941 2616 peccatum.
978 2536 1102 2597 Exem-

135 2643 299 2726 plificatur
322 2644 363 2704 de
387 2664 487 2723 pomo
510 2643 588 2704 dato
608 2643 733 2703 mundo
756 2652 788 2703 et
812 2642 944 2703 foedato
959 2664 978 2703 a
1002 2663 1100 2704 manu

135 2750 329 2831 recipientis.
355 2750 436 2812 Haec
459 2750 511 2811 via
533 2749 671 2811 traditur
694 2770 736 2811 ex
760 2749 853 2810 dictis
876 2749 1034 2830 Magistri.
1057 2787 1102 2795 -

140 2856 264 2921 Contra
298 2856 384 2919 hunc
419 2858 565 2938 arguitur
593 2857 704 2937 primo
738 2877 795 2937 per
830 2856 1028 2917 Anselmum
1062 2857 1101 2918 de

134 2974 286 3044 conceptu
325 2964 492 3046 virginali
524 2974 591 3044 cap.
626 2961 681 3025 28.
718 2963 773 3025 ubi
804 2963 875 3024 vult
909 2963 998 3043 quod
1033 2983 1099 3023 non

136 3071 244 3153 magis
263 3080 315 3133 est
337 3092 448 3133 semen
472 3070 626 3133 infectum
642 3091 744 3151 quam
760 3079 875 3151 sputus
891 3068 941 3131 vel
956 3070 1098 3150 sanguia.

136 3178 206 3242 Sed
236 3178 261 3239 si
297 3178 337 3239 de
361 3178 426 3239 istis
461 3177 619 3239 formatur
653 3198 771 3258 corpus
806 3176 1007 3257 organicum,
1032 3197 1098 3238 non

135 3284 266 3347 videtur
290 3284 426 3365 qualiter
442 3286 483 3346 de
506 3282 575 3365 ejus
591 3283 763 3346 infectione
782 3282 964 3345 inficeretur
980 3283 1097 3344 anima.

206 3390 351 3453 Secundo
374 3392 435 3453 sic:
462 3390 621 3472 Quamvis
644 3411 754 3453 semen
779 3390 819 3452 sit
842 3389 996 3452 infectum
1021 3410 1098 3450 cum

134 3506 247 3561 tamen
271 3507 413 3559 transeat
436 3519 493 3579 per
517 3497 635 3559 multas
658 3497 884 3559 substantiales
907 3494 1037 3569 formaS,
1062 3505 1099 3557 ut

135 3606 316 3668 deductum
340 3614 388 3666 est
422 3626 519 3687 supra
557 3605 632 3667 dist.
656 3623 709 3666 21.
745 3602 850 3666 forma
880 3602 1098 3665 substantialis

134 3712 178 3776 ibi
202 3714 291 3795 prior
315 3733 389 3794 quae
414 3712 601 3775 continebat
624 3711 808 3791 subjectum
832 3711 914 3773 illius
934 3710 1098 3793 qualitatis
