2634 4267
381 923 700 1032 Distinctio
738 922 812 1030 X.

275 1194 349 1268 llio
380 1192 507 1269 etiam
543 1192 916 1290 investigandum...

181 1313 282 1379 Circa
306 1318 404 1380 istam
428 1317 593 1387 Dz'st„·10.
618 1325 740 1378 tractat
761 1317 928 1397 Magister
949 1317 987 1378 de
1000 1317 1074 1378 mis·
1141 1403 1146 1416 Ι

116 1421 198 1484 sione
221 1425 426 1507 angelorum,
451 1424 520 1486 ideo
535 1443 641 1505 quero
652 1423 738 1485 sicut
758 1423 925 1505 Magister
938 1422 1072 1505 quierit:

480 1582 655 1664 Quaasnuo
686 1583 710 1644 Ι.

335 1741 443 1797 Utrum
460 1754 557 1795 omnes
574 1739 670 1806 ungell
689 1739 855 1794 mittuntur.

180 1883 321 1947 Videtur
352 1885 442 1966 quod
482 1905 548 1946 non
582 1904 639 1966 per
676 1884 873 1963 Dionysium
909 1883 963 1964 qui
998 1883 1075 1946 dicit

122 1989 204 2065 quod
227 1992 393 2074 superiora
417 1991 469 2054 illa
504 1991 636 2073 agmina
670 1991 713 2052 ab
747 1989 867 2052 intimis
905 2010 1074 2070 nunquam
1100 2013 1108 2028 ·

122 2096 279 2160 recedunt.
376 2170 379 2173 ¹

185 2219 213 2267 2.
238 2205 398 2267 Praeterea
422 2204 548 2266 Daniel.
579 2222 608 2287 7.
645 2204 777 2265 dicitur:
814 2203 914 2264 Millia
938 2199 1074 2265 millium

124 2305 344 2373 ministrabant
367 2311 395 2373 ei
417 2319 451 2372 et
474 2311 580 2372 decies
604 2318 739 2372 centena
768 2309 854 2370 milia
885 2309 1075 2371 assistebant

124 2410 164 2487 ei;
186 2418 241 2479 sed
264 2418 322 2499 qui
345 2417 498 2479 assistunt
521 2436 586 2478 non
611 2416 800 2493 mittuntur;
825 2436 913 2497 ergo.

184 2523 223 2585 ln
246 2524 447 2586 contrarium
471 2531 519 2585 est
543 2522 725 2604 Apostolus
748 2524 796 2585 ad
815 2522 922 2587 Heu:
951 2521 1075 2585 Omnes

125 2636 193 2689 sunt
214 2630 477 2693 administratorii
502 2630 640 2711 spiritus,
665 2636 725 2690 etc.

184 2735 409 2800 RESPONDEO
444 2745 477 2797 et
511 2736 584 2797 dico
618 2736 708 2816 quod
743 2756 856 2797 omnes
892 2735 1074 2798 mittuntur.

126 2834 184 2901 Sed
205 2843 317 2906 missio
362 2852 410 2905 est
433 2843 567 2924 duplex;
592 2842 711 2903 scilicet
734 2843 781 2904 ad
802 2843 891 2904 intra
920 2851 952 2904 et
968 2843 1076 2904 adex-

126 2951 180 3006 ἵνα.
203 2950 250 3012 Illi
282 2958 391 3012 autem
427 2950 468 3011 de
502 2949 660 3031 supremis
695 2949 860 3011 ordinibus
895 2949 1074 3010 secundum

125 3068 327 3118 communem
351 3075 482 3118 cursum
507 3076 572 3117 non
597 3055 770 3117 mittuntur
795 3055 853 3116 nisi
878 3056 919 3117 ad
938 3054 1075 3117 intrafa·

126 3155 231 3226 ciendo
266 3163 477 3225 revelationes
511 3161 722 3224 inferioribus,
747 3163 794 3224 llli
819 3172 928 3224 autem
964 3163 1004 3224 de
1028 3163 1074 3223 in-

125 3258 201 3330 fimis
235 3270 402 3331 ordinibus
427 3268 598 3330 mittuntur
633 3269 675 3329 ad
699 3279 801 3331 extra.
837 3269 1075 3331 Verumtamen
1113 3323 1115 3329 .

127 3376 266 3447 quamvis
289 3377 331 3438 de
350 3374 517 3438 communi
541 3395 635 3437 cursu
653 3375 783 3456 spiritus
807 3376 986 3456 superiores
1010 3395 1075 3436 non

128 3477 286 3544 mittantur
310 3482 352 3543 ad
375 3490 478 3554 extra,
507 3488 588 3562 puto
622 3489 733 3543 tamen
768 3483 857 3562 quod
891 3502 934 3542 ex
968 3480 1076 3561 aliqua

129 3599 215 3650 causa
237 3589 366 3671 speciali
401 3587 498 3650 etiam
533 3587 662 3668 spiritus
697 3588 875 3669 superiores
903 3587 1075 3648 mittuntur

130 3690 165 3750 ad
193 3706 296 3770 extra,
328 3696 405 3777 quia
428 3695 509 3756 sicut
544 3694 614 3756 vult
647 3695 761 3756 beatus
796 3694 988 3768 Bernardus,
1025 3693 1076 3754 ille
