2634 4267
305 209 491 277 Drsrnrcr.
516 214 561 276 111
586 211 733 294 Quasi.
763 213 797 275 V
982 224 1052 290 155'

89 439 171 479 nam
197 418 342 498 qualitas
365 418 439 480 coeli
455 439 520 481 non
544 427 653 500 potest
669 418 701 479 in
718 417 839 479 virtute
862 417 993 498 propria
1015 437 1069 480 ac«

88 524 159 586 tiva
183 545 206 586 a
232 533 304 587 tota
327 533 443 586 natura
465 525 574 598 creari,
592 523 734 605 receptio
757 531 868 585 autern
892 523 1008 604 speciei
1032 523 1065 590 in

89 631 229 713 ange10,
255 640 365 712 potest
398 629 465 693 fieri
497 632 528 693 in
553 631 672 694 virtute
702 630 883 693 intellectus
913 630 1067 712 angelici,
1096 650 1100 661 ·

90 758 187 820 ergo.
847 781 850 788 .
1058 721 1060 726 ¹

164 845 227 906 Ad
247 843 380 906 tertium
403 845 477 907 dico
499 846 589 926 quod
612 845 748 926 angelus
772 844 934 924 dependet
957 863 976 904 a
999 863 1068 904 cor·

92 971 179 1032 pore
204 951 422 1032 dependentia
441 952 641 1014 'accidentali
672 951 822 1032 quamvis
853 970 918 1013 non
945 950 1070 1030 depen«

93 1059 176 1120 deat
205 1057 423 1138 dependentia
457 1058 633 1131 essentiali,
673 1058 755 1120 sicut
785 1057 817 1118 in
853 1056 1071 1120 intellectione¹

94 1173 212 1226 nostra
239 1164 351 1246 anima
381 1165 628 1246 quodammodo
667 1165 828 1246 dependet
851 1163 892 1226 ab
927 1162 1069 1243 objectox

166 1271 228 1332 Ad
247 1282 402 1352 quartum
426 1272 499 1334 dico
522 1273 612 1353 quod
635 1272 713 1333 illud
736 1271 826 1352 quod
849 1279 898 1332 est
922 1269 1070 1346 medium,

96 1378 132 1440 in
156 1378 279 1440 virtute
301 1378 418 1440 minori
442 1399 507 1440 non
531 1387 660 1460 oportet
684 1379 774 1460 quod
797 1377 838 1439 sit
851 1376 995 1438 medium
1020 1397 1071 1438 re«.

97 1495 216 1566 spectu
230 1485 358 1546 virtutis
382 1485 521 1566 majoris.
547 1485 746 1566 Exemplum
770 1484 811 1546 de
826 1483 931 1545 calido
963 1483 1072 1564 magis

98 1601 134 1653 et
173 1592 284 1653 minus
319 1584 454 1665 intenso,
494 1612 571 1654 narn
596 1593 737 1653 calidum
778 1590 882 1672 magis
904 1590 1067 1655 intensum

100 1720 168 1761 non
205 1707 337 1780 oportet
348 1699 437 1780 quod
461 1708 603 1760 transeat
625 1719 682 1780 per
705 1707 755 1759 tot
782 1697 888 1760 media
912 1696 943 1757 in
956 1695 1073 1759 calcia«

100 1806 220 1868 ciendo
244 1805 327 1867 sicut
352 1805 458 1867 minus
481 1806 653 1868 intensum.
668 1795 733 1868 Sed
756 1803 935 1866 intellectus
947 1802 1068 1884 angeli·

102 1934 161 1975 cus
184 1922 235 1975 est
259 1911 431 1992 perfectior
453 1921 486 1974 et
509 1911 674 1974 virtualior
697 1931 797 1992 quam
819 1909 998 1972 intellectus
1014 1929 1074 1970 noa

102 2028 183 2097 ster;
208 2020 285 2081 ideo
308 2039 373 2081 non
405 2027 534 2100 oportet
567 2019 657 2100 quod
689 2025 889 2100 pertranseat
924 2016 1071 2092 medium

103 2126 327 2209 imaginative.

170 2233 233 2295 Ad
252 2233 404 2314 quintum
435 2231 610 2294 dicendum
639 2231 730 2312 quod
760 2251 823 2293 non
850 2238 904 2298 est,
921 2229 1067 2291 inconve-

104 2341 197 2403 niens
222 2340 316 2421 plura
339 2338 514 2400 accidentia
546 2338 693 2418 ejusdem
717 2336 833 2418 speciei
857 2356 925 2397 esse
949 2335 979 2396 in
1019 2355 1074 2397 eos

103 2448 181 2509 dem
198 2445 358 2527 subjecto
382 2446 515 2526 quando
538 2445 686 2506 istasunt
702 2444 902 2506 diversorum
925 2462 1001 2522 quae
1025 2441 1067 2503 in-

104 2555 246 2616 cludunt
269 2553 409 2614 rationes
439 2551 546 2633 primo
569 2551 680 2632 seipsis
711 2551 861 2612 diversas
888 2548 1074 2630 Singulariu-

106 2671 232 2732 autem‚
246 2669 283 2721 ut
300 2668 391 2740 patet
413 2680 455 2721 ex
475 2658 600 2734 Qucest.
624 2658 663 2720 de
687 2656 950 2720 z'ndivz'duatione
973 2655 1066 2717 inclu-

105 2768 190 2829 dunt
216 2766 365 2839 rationes,
389 2765 472 2828 idest
495 2765 634 2847 gradum
659 2766 709 2826 vel
732 2761 1074 2825 rationes-individua-v

107 2876 153 2938 les
176 2873 286 2956 primo
310 2872 420 2953 seipsis
443 2872 601 2948 diversas;
625 2892 714 2952 ergo

173 2975 248 3046 Est
257 2981 383 3046 auum
395 2975 475 3045 altu
487 2976 616 3064 opimo
627 2974 876 3058 Henrz'cr'quae
889 2975 966 3037 dicit
982 2970 1073 3056 quod

107 3087 246 3170 angelus
277 3106 342 3148 non
372 3086 540 3168 cognoscit
571 3105 627 3167 per
658 3085 779 3165 species
810 3083 990 3164 acquisitas
1016 3082 1076 3157 sed

109 3195 220 3257 omnia
244 3191 413 3275 cognoscit
437 3213 493 3273 per
514 3213 616 3254 unurn
634 3191 783 3254 habitum
803 3189 999 3252 scientialem
1016 3188 1072 3269 qui

109 3311 156 3365 est
179 3301 241 3363 sibi
265 3321 285 3362 a
310 3301 382 3362 Deo
406 3309 605 3371 concreatus
619 3299 709 3379 quod
738 3297 904 3378 probatur.

173 3409 293 3472 Primo
308 3406 370 3468 sic:
387 3406 469 3468 sicut
482 3425 531 3466 res
543 3426 576 3466 se
593 3404 691 3466 habet
703 3405 745 3465 ad
762 3424 839 3475 esse,
854 3403 897 3464 ita
910 3404 1073 3482 adcogno-

109 3516 160 3591 sci,
176 3537 221 3579 ex
243 3533 275 3577 2.
300 3511 470 3594 Metaplz.,·
494 3512 551 3573 sed
573 3511 735 3593 singulare
748 3531 812 3572 non
840 3508 930 3570 addit
953 3508 1077 3588 aliquid*

108 3624 289 3706 positivum
313 3640 411 3701 supra
435 3618 626 3695 universale;
651 3638 730 3699 ergo
754 3615 897 3697 cognitio
921 3615 990 3694 ejus
1007 3634 1075 3690 non¹
