2634 4267
340 288 527 349 DrsTch.
552 286 661 348 XLIII
686 284 831 365 QUAEST.
857 287 871 348 I
1021 303 1082 365 431

129 502 256 575 potest
277 491 412 573 intelligi
434 492 484 554 vel
508 490 689 553 habitualis
712 491 762 552 vel
786 491 935 553 actualis.
960 491 995 554 Si
1018 491 1110 553 intel-

132 600 257 681 ligitur
280 597 461 661 habitualis
483 598 556 660 dico
580 598 670 678 quod
694 585 763 659 non*
783 606 891 679 potest
914 619 947 660 se
965 608 1110 661 avertere

132 706 219 787 quis
242 706 284 767 ab
308 727 372 767 una
396 725 533 786 persona
567 704 646 785 quin
681 713 844 766 avertatur
878 706 920 767 ab
954 705 1025 779 alia,
1050 725 1109 767 nec

134 832 282 895 peccare
304 812 336 873 in
361 832 461 873 unam
485 812 563 893 quin
587 820 700 892 peccet
734 810 766 872 in
801 811 907 873 aliam.
933 811 966 875 Si
997 820 1108 874 autem

136 918 184 980 fit
208 918 346 998 quaestio
384 918 475 999 quod
509 917 676 980 aversione
710 917 843 992 actuali,
879 918 995 979 dicitur
1019 919 1109 998 quod

138 1034 255 1107 potest
277 1046 346 1087 esse
369 1025 502 1087 actualis
525 1024 649 1086 aversio
672 1025 714 1086 ab
738 1045 803 1086 una
833 1033 866 1086 et
889 1045 954 1086 non
971 1026 1013 1086 ab
1036 1025 1108 1099 alia,

140 1132 224 1213 quia
262 1133 376 1194 eadem
401 1131 482 1193 ratio
495 1131 621 1193 videtur
656 1132 697 1192 de
731 1131 897 1201 aversione
919 1140 952 1193 et
977 1152 1110 1193 conver-

140 1239 253 1323 sione3
278 1240 334 1300 sed
357 1246 464 1319 potest
487 1259 555 1300 esse
578 1238 712 1299 actualis
746 1238 913 1300 conversio
936 1238 979 1299 ad
1008 1259 1108 1299 unam

144 1365 320 1427 personam
345 1354 376 1406 et
400 1366 466 1406 non
489 1347 531 1407 ad
559 1344 774 1425 aliam3erg0.
788 1344 940 1406 Probatio
961 1346 1107 1408 miaaris.

141 1452 234 1525 Tum
251 1452 326 1533 quia
350 1451 502 1532 possibile
525 1460 573 1512 est
597 1451 643 1511 uti
668 1472 733 1512 uno
756 1451 892 1512 articulo
915 1450 989 1512 fidei
1014 1452 1110 1532 respi-

145 1558 251 1620 ciente
273 1579 373 1619 unam
397 1578 580 1639 personam,
605 1578 671 1618 non
684 1558 806 1619 utendo
826 1557 889 1619 alio
904 1558 1039 1619 articulo
1047 1578 1109 1619 ·‘re-

145 1664 300 1745 spiciente
313 1664 408 1725 aliam
422 1685 587 1745 pesonam,
602 1673 679 1725 sunt
700 1673 809 1725 autem
827 1663 966 1726 distincti
983 1664 1107 1726 articuli

58 1856 60 1859 Ι
147 1781 295 1851 respectu
331 1792 542 1852 personarum
566 1780 598 1832 et
614 1771 768 1851 quaelibet
792 1792 928 1852 persona
960 1771 1003 1831 sic
1020 1791 1109 1832 sum-

147 1887 207 1958 pta
240 1877 374 1939 includit
409 1878 567 1939 rationem
595 1878 702 1939 omnis
725 1877 812 1951 boni,
836 1886 907 1938 tum
934 1877 1010 1958 quia
1034 1886 1110 1939 sunt

145 1984 241 2045 multi
265 1983 380 2064 hymni
404 1984 436 2045 in
460 1984 577 2064 quibus
593 1993 641 2045 est
661 1984 794 2045 actualis
809 1984 944 2046 intentio
961 1992 1107 2064 respectu

146 2090 242 2151 unius
265 2110 411 2171 personae
435 2099 564 2152 tantum
589 2091 671 2151 sicut
694 2090 726 2151 in
769 2089 849 2152 Veni
880 2100 1004 2151 creatur
1038 2089 1110 2171 Spi-

144 2198 231 2259 ritus
254 2205 325 2271 etc,
350 2206 382 2259 et
405 2198 437 2259 in
465 2198 533 2258 aliis
568 2197 694 2270 multis;
719 2205 790 2258 tum
826 2197 902 2277 quia
938 2197 1042 2279 magis
1065 2198 1110 2257 di-

146 2304 323 2385 stinguitur
346 2324 483 2385 persona
507 2325 526 2364 a
549 2324 687 2383 persona
709 2324 809 2383 quam
834 2324 972 2383 persona
995 2303 1037 2365 ab
1060 2325 1109 2365 es-

145 2411 264 2488 sentia;
289 2412 345 2472 sed
376 2411 401 2471 si
436 2410 550 2491 aliquis
574 2409 676 2471 fidelis
699 2410 914 2471 consideraret
937 2410 1108 2472 essentiam

146 2537 213 2580 non
237 2518 471 2579 considerando
487 2538 641 2597 personas
657 2517 813 2578 inveniret
836 2518 869 2579 in
892 2538 930 2578 ea
950 2517 1108 2578 rationem

146 2624 252 2685 omnis
275 2624 352 2685 boni
376 2634 408 2685 et
431 2633 540 2705 posset
563 2623 667 2685 facere
702 2624 913 2685 reverentiam
947 2624 1108 2685 actualem

144 2730 291 2791 essentiae
315 2752 381 2792 non
405 2730 553 2792 faciendo
577 2730 745 2792 actualiter
768 2751 925 2811 personae.

212 2835 280 2899 Sea
292 2839 383 2919 farta
406 2838 526 2900 diceres
551 2838 640 2919 quod
664 2859 729 2899 non
765 2846 813 2899 est
846 2838 949 2899 simile
975 2838 1016 2899 de
1039 2858 1110 2918 per-

146 2965 226 3006 sona
249 2952 281 3006 et
303 2946 449 3024 essentia,
484 2946 560 3025 quia
595 2965 733 3025 persona
763 2945 878 3006 dicitur
914 2944 1044 3005 relative
1067 2946 1109 3005 ad

148 3050 245 3113 aliam
269 3072 459 3132 personam;
484 3052 616 3113 relativa
639 3061 749 3112 autem
785 3059 860 3113 sunt
894 3051 989 3111 simul
1021 3051 1110 3113 intel-

148 3158 293 3238 ligibilia.
333 3197 376 3204 -
410 3159 595 3240 Responsia.
633 3156 733 3238 Quod
768 3179 833 3220 non
869 3159 955 3220 valet
984 3158 1061 3237 quia
1083 3159 1109 3219 si

145 3265 240 3326 Pater
263 3265 456 3346 inquantum
481 3267 575 3328 Pater
610 3266 735 3327 dicatur
759 3265 890 3327 relative
913 3264 954 3325 ad
979 3264 1109 3337 Filium,

145 3390 212 3432 non
235 3380 345 3433 tamen
370 3372 484 3434 dicitur
513 3372 643 3434 relative
671 3372 713 3433 ad
749 3371 906 3453 Spiritum
932 3371 1108 3446 Sanctum3

141 3467 242 3557 igitur
266 3479 359 3540 Pater
383 3478 515 3561 intelligi
547 3488 655 3560 potest
689 3480 884 3559 inquantum
920 3479 1014 3540 Pater
1043 3498 1110 3540 non

144 3584 297 3647 habendo
321 3586 532 3648 intentionem
556 3586 597 3647 ad
612 3586 770 3667 Spiritum
792 3585 959 3649 Sanctum.
978 3584 1043 3647 Sed
1068 3586 1110 3647 de

145 3691 210 3754 hoc
232 3684 308 3755 satis
331 3702 421 3775 patet
443 3693 476 3755 in
500 3712 529 3757 Ι.
554 3693 642 3755 Dist.
661 3692 778 3773 primi.
