2634 4267
499 192 515 223 0

288 250 349 326 308
530 248 605 314 Lrn.
629 247 660 309 11
684 247 981 311 Saurnnnnnun

262 452 335 514 talis
359 453 491 515 materia
515 454 646 535 ponitur
682 462 895 527 menstruum,
919 463 979 515 aut
1002 463 1132 535 propter
1154 452 1214 513 vim

260 559 413 633 activam,
437 570 470 622 et
493 559 631 623 habetur
654 560 869 642 propositum,

331 665 476 729 Secunda
498 667 560 729 sic:
584 668 675 748 quod
698 688 740 729 ex
764 688 798 729 se
821 667 1011 748 inspissatur
1039 667 1133 729 habet
1155 666 1214 727 vim

261 774 421 848 activam;
445 774 502 836 sed
518 794 628 837 semen
646 773 787 835 mulieris
803 794 845 835 ex
862 795 895 835 se
911 774 1118 856 inspissatur;
1134 793 1215 853 ergo.

261 880 379 941 Minor
400 881 557 961 probatur
581 901 638 962 per
662 881 756 943 istam
781 881 950 943 mulierem
967 900 1043 962 quae
1060 901 1133 941 cum
1156 899 1215 939 non

257 996 361 1049 staret
384 1007 460 1048 cum
483 987 553 1049 viro
576 988 759 1069 patiebatur
790 986 1038 1050 suffocationem
1067 986 1215 1060 matricis;

262 1092 325 1157 hoc
348 1103 458 1155 autem
482 1115 548 1157 non
583 1103 661 1167 erat,
697 1094 755 1155 nisi
790 1094 867 1175 quia
901 1094 971 1175 ejus
1006 1114 1134 1175 sperma
1155 1102 1217 1154 erat

260 1199 467 1281 inspissatum
491 1201 524 1262 in
548 1201 690 1265 matrice.

329 1309 393 1370 Ista
417 1308 528 1388 opinio
551 1328 571 1369 a
593 1308 790 1389 quibusdam
815 1328 880 1370 non
916 1316 1054 1381 tenetur,
1079 1307 1152 1388 quia
1172 1314 1214 1366 est

261 1423 374 1476 contra
398 1412 633 1495 Philosophum
670 1432 720 1497 15.
756 1414 796 1476 de
828 1414 1041 1477 animalibus,
1068 1416 1146 1476 Item
1171 1421 1213 1473 est

260 1529 374 1583 contra
408 1520 615 1583 Avicennam
650 1539 681 1603 9.
717 1521 756 1583 de
789 1521 993 1583 animalibus
1027 1521 1083 1602 qui
1110 1540 1215 1601 reprae-

261 1627 374 1690 hendit
398 1626 559 1689 Galenum
583 1636 616 1689 et
646 1627 725 1690 dicit
758 1628 848 1709 quod
879 1628 1009 1709 ignorat
1033 1628 1065 1689 in
1094 1628 1153 1689 hoc
1174 1646 1214 1686 ra-

261 1734 348 1797 dices
382 1734 512 1796 seminis
547 1735 710 1796 naturalis
746 1736 828 1797 ltem
864 1743 977 1796 contra
1013 1734 1158 1797 Averroe
1182 1733 1214 1793 in

266 1840 411 1923 Colligat.
435 1862 501 1907 sna.
527 1842 571 1903 Et
604 1849 653 1903 est
687 1841 769 1902 ratio
792 1841 949 1903 Averrois
980 1841 1069 1903 talis:
1095 1842 1119 1903 si
1142 1850 1215 1903 esset

260 1948 293 2010 in
317 1956 480 2029 spermate
504 1948 645 2009 mulieris
668 1948 769 2009 virtus
792 1948 897 2009 activa
920 1948 963 2009 ad
995 1946 1211 2009 formationem

261 2054 355 2128 fetus,
380 2063 488 2135 posset
516 2054 704 2116 naturaliter
738 2075 892 2136 generare
926 2054 995 2116 sine
1030 2055 1111 2128 vira,
1134 2054 1213 2135 quod

261 2170 310 2224 est
333 2161 573 2227 inconveniens.
591 2160 744 2223 Probatio
760 2161 1011 2242 consequentia:
1032 2162 1110 2242 quia
1126 2181 1214 2243 agens

260 2268 530 2349 approximatum
554 2288 650 2349 passo
677 2268 786 2330 debite
816 2276 924 2348 potest
954 2268 1111 2330 inducere
1133 2288 1211 2330 suan
1284 2270 1285 2291 ¹

262 2374 400 2436 formam
435 2374 468 2436 in
504 2375 637 2437 materia
672 2374 754 2437 bene
788 2374 961 2456 disposita;
997 2376 1055 2437 sed
1096 2376 1214 2457 sanguis

262 2489 493 2553 menstruosus
517 2490 549 2543 et
572 2502 683 2543 semen
701 2480 841 2543 mulieris
857 2489 933 2542 sunt
949 2481 1032 2543 bene
1053 2482 1211 2563 disposita;

259 2617 349 2678 ergo,

326 2704 386 2765 Aa
392 2703 540 2783 primam
557 2704 715 2765 rationem
729 2703 844 2766 Galeni
860 2703 976 2765 dicitur
989 2705 1081 2784 quod
1098 2722 1211 2785 sperma

260 2819 429 2891 receptum
453 2810 669 2872 necessarium
693 2831 758 2872 non
775 2818 823 2873 est
842 2818 975 2891 propter
991 2810 1060 2872 vim
1085 2812 1209 2873 activam

260 2917 317 2978 sed
341 2926 473 2998 propter
507 2925 877 2998 contemperamentum,
902 2917 985 2979 sicut
1021 2917 1116 2997 ponit
1147 2916 1210 2979 Avi·

259 3043 363 3085 cenna
380 3024 415 3085 in
428 3042 462 3102 j.
478 3023 534 3085 sni
554 3023 689 3085 cananis
704 3044 769 3087 sen.
786 3042 838 3085 21.
855 3032 887 3085 et
902 3022 1082 3104 exponitur
1105 3025 1210 3087 statim.

326 3130 384 3191 Ad
403 3130 577 3192 secandum
601 3130 675 3192 dico
698 3130 788 3211 quod
811 3129 864 3192 illa
879 3130 1064 3211 inspissatio
1088 3151 1151 3193 non
1171 3137 1208 3191 est

258 3246 392 3318 propter
416 3237 482 3298 vim
506 3236 656 3311 activam,
682 3237 738 3298 sed
765 3245 897 3317 propter
924 3237 1125 3299 caliditatem
1156 3256 1209 3297 ma-

261 3343 357 3405 tricis,

326 3449 457 3511 Diceris
480 3469 577 3531 ergo:
601 3451 643 3513 ad
675 3450 755 3533 quid
791 3450 922 3531 ponitur
957 3471 1088 3531 sperma
1110 3450 1161 3512 viri
1181 3456 1207 3509 et

260 3556 423 3617 mulieris?
447 3557 529 3618 Dico
552 3558 642 3637 quod
659 3578 795 3639 ,sperma
819 3557 960 3619 mulieris
983 3557 1116 3637 ponitur
1147 3576 1205 3637 pro·

259 3670 330 3740 pter
368 3659 727 3744 contemperamentum
766 3663 936 3745 spermatis
976 3663 1044 3729 viri.
1081 3664 1124 3725 Et
1154 3662 1206 3723 hoc
