2634 4267
345 275 535 337 Dlsrmcr.
559 275 604 337 ΙΙΙ
629 273 776 356 QuAEsr.
801 277 815 338 I
1021 293 1078 340 101

134 489 169 542 et
190 481 384 562 distinguat,
402 489 435 542 et
446 488 524 543 tunc
536 481 607 543 talis
620 481 800 544 intellectus
812 489 860 544 est
872 479 970 544 falsus
982 490 1015 543 et
1030 501 1111 544 con-

137 594 186 649 tra
209 587 451 668 Philosophum
475 607 504 652 Ι.
529 587 630 668 Phys.
655 588 711 650 ubi
735 589 813 650 dicit
855 588 945 670 quod
969 589 1105 653 materia

135 716 215 760 cum
238 693 346 756 forma
369 703 418 756 est
441 715 537 757 causa
560 715 674 757 eorum
698 716 772 777 quae
796 696 915 758 insunt.
929 696 1003 759 Aut
1015 696 1106 759 intel·

137 803 208 886 ligit
232 801 324 884 quod
348 810 503 883 sequatur
525 801 666 865 formam
690 802 945 876 substantialem,
969 811 1002 864 et
1024 811 1105 866 tunc

136 918 247 993 potest
271 908 391 971 habere
414 909 582 972 veritatem
606 909 647 971 de
670 908 776 971 forma
798 910 916 972 educta
932 909 973 972 de
989 917 1104 991 poten-

135 1017 182 1080 tia
207 1016 368 1100 materiae;
393 1016 449 1078 sed
484 1016 620 1099 angelus
643 1037 709 1078 non
732 1024 781 1078 est
811 1015 882 1078 talis
913 1013 1027 1090 forma,
1068 1024 1104 1079 ut

136 1131 230 1205 patet
254 1143 311 1203 per
335 1123 368 1183 id
391 1123 481 1203 quod
504 1123 702 1185 dictumest.

205 1230 266 1291 Ad
285 1228 384 1290 aliud
404 1238 633 1311 argumentum
672 1228 812 1290 Thomae
851 1228 941 1310 quod
985 1228 1104 1310 probat

135 1336 231 1416 quod
255 1335 364 1397 anima
388 1355 453 1396 non
478 1334 576 1397 habet
600 1335 780 1414 materiam,
805 1343 913 1416 potest
935 1334 997 1397 dici
1011 1335 1100 1416 quod

135 1442 192 1504 illa
217 1441 352 1503 materia
376 1461 441 1502 non
464 1451 514 1503 est
536 1442 683 1522 ejusdem
707 1441 838 1503 rationis
862 1462 938 1503 cum
968 1441 1103 1504 materia

135 1547 337 1622 inferiorum,
362 1548 511 1628 quamvis
535 1547 652 1612 Scotus
684 1546 736 1609 hic
759 1547 876 1609 sentiat
899 1547 1101 1629 oppositum.

137 1654 207 1718 Sed
242 1654 284 1716 de
318 1652 381 1715 hoc
415 1653 497 1716 infra
531 1655 655 1716 dicetur
690 1654 777 1716 Disr.
814 1673 865 1738 14.
901 1690 944 1700 -
973 1654 1102 1717 Eodem

135 1762 241 1824 modo
264 1761 313 1841 ad
331 1781 463 1842 sequens
490 1781 566 1823 cum
590 1761 715 1823 dicitur:
739 1769 797 1822 aut
820 1760 872 1823 illa
898 1761 1031 1822 materia
1053 1770 1103 1823 est

135 1867 297 1950 ejusdem·
312 1867 444 1929 rationis
473 1876 530 1930 aut
563 1867 703 1941 alterius
739 1866 812 1929 dico
851 1867 940 1948 quod
965 1877 1102 1930 nonest

134 1976 286 2057 ejusdem
310 1975 451 2039 rationis.
481 1976 513 2037 T
508 1996 528 2036 u
553 1975 670 2058 arguis
705 1983 827 2048 contra,
863 1973 939 2055 quia
968 1974 1102 2036 materia

133 2103 204 2145 non
239 2081 318 2143 dicit
352 2090 475 2161 actum,
511 2081 582 2144 dicu
605 2080 695 2162 quod
733 2080 883 2161 quamvis
921 2100 987 2142 non
1015 2081 1101 2143 dicat

131 2198 249 2251 actum
284 2186 464 2262 formalem,
507 2187 585 2250 dicit
618 2196 735 2270 'tamen
778 2194 888 2247 actum
924 2187 1017 2248 entis.
1055 2188 1103 2250 Et

134 2294 326 2358 cum'ultra
358 2293 446 2367 dicis,
469 2303 548 2357 tunc
570 2302 666 2356 erunt
688 2294 763 2356 duae
799 2293 942 2355 materiae
974 2293 1099 2374 primae,

132 2401 278 2476 conceda,
302 2400 379 2482 quia
402 2421 467 2462 una
489 2409 538 2463 est
561 2400 775 2482 spiritualium
799 2410 831 2463 et
854 2400 916 2462 alia
952 2421 1101 2481 corpora·

136 2509 231 2571 lium.
558 2487 562 2493 ⁴

202 2615 263 2676 Ad
283 2613 382 2676 aliud
401 2613 474 2676 dico
497 2614 587 2695 quod
610 2614 760 2694 quamvis
773 2614 907 2677 materia
923 2613 1099 2695 corporalis

133 2721 295 2803 impediat
318 2719 527 2782 reflexionem
551 2721 705 2802 potentiae
738 2742 833 2802 super
872 2731 992 2794 actum,
1033 2740 1098 2782 non

133 2837 248 2891 tamen
273 2827 407 2889 materia
430 2827 602 2908 spiritualis
625 2827 761 2908 qualiter
785 2836 833 2890 est
863 2826 895 2889 in
920 2826 1098 2908 proposit0.

132 2935 243 2998 Aliter
265 2942 374 3017 potest
397 2933 459 2996 dici
483 2935 634 3016 negando
658 2935 822 3016 masuram,
847 2934 923 3015 quia
954 2943 1001 2996 est
1026 2953 1100 2995 con-

132 3050 184 3104 tra
207 3041 444 3122 Philosophum
467 3059 498 3103 2.
522 3040 561 3102 de
583 3041 719 3114 Anima,
758 3040 813 3103 ubi
853 3041 970 3121 probat
1008 3040 1098 3121 quod

132 3169 247 3211 sensus
270 3149 366 3210 sentit
389 3169 423 3210 se
446 3148 572 3222 sentire,
597 3157 630 3210 et
653 3154 763 3209 tamen
787 3157 835 3208 est
860 3147 1041 3208 materialis.

199 3255 260 3316 Ad
279 3265 406 3316 sextum
430 3253 504 3316 dico
528 3254 617 3336 quod
640 3254 774 3335 quando
797 3253 918 3334 aliquid
942 3252 1099 3334 competit

129 3360 228 3424 alicui
240 3360 364 3422 ratione
377 3360 476 3442 partis
489 3380 554 3421 non
567 3360 716 3422 ultimate
729 3359 899 3432 actuantis,
913 3359 976 3421 isto
997 3359 1099 3421 modo

132 3469 241 3551 major
263 3476 311 3530 est
335 3487 420 3529 vera.
446 3465 511 3530 Sed
534 3465 707 3528 informare
731 3466 886 3546 competit
909 3465 1028 3526 animas
1052 3486 1099 3526 ra-

130 3576 221 3639 tione
244 3575 345 3656 partis
369 3573 586 3654 principaliter
609 3593 682 3635 eam
707 3571 875 3634 actuantis¹
942 3637 947 3646 ,

198 3683 258 3745 Ad
277 3681 433 3744 ultimum
457 3679 601 3741 concedo
629 3680 783 3762 majorem
821 3678 954 3760 quando
992 3675 1099 3740 forma
