2634 4267
266 252 329 314 292
491 234 566 295 Lm.
589 234 619 296 ΙΙ
644 233 939 297 Sanrnnrnlnuu

243 460 353 503 semen
378 438 538 501 uniforme
561 460 621 521 pro
644 440 766 501 semine
791 439 896 514 maris,
933 441 1023 520 quod
1045 449 1138 521 potest
1157 461 1182 501 a·

243 568 320 630 gere
343 547 376 609 in
399 546 522 609 semine
538 545 679 625 feminae,
703 546 780 627 quia
796 543 875 609 nihil
900 567 957 628 per
982 548 1111 628 gradum
1126 568 1180 608 suae

243 653 395 727 entitatiS,
431 653 498 715 sive
521 673 578 735 per
614 653 805 734 qualitatem
830 673 923 715 suam
959 654 1128 734 corrumpit
1147 674 1182 725 se,

244 782 303 823 nec
326 760 441 822 alterat
475 779 574 821 suum
597 759 766 841 proprium
803 759 998 840 subjectum.
1023 798 1064 805 —
1085 760 1182 822 Protr-

244 888 300 929 rea
323 866 518 947 principium
536 866 680 928 activum
704 864 867 927 uniforme
884 887 950 929 non
967 876 1016 928 est
1039 888 1126 927 cansa
1139 865 1184 927 dif-

245 972 436 1035 formiorum
460 973 510 1034 vel
533 972 768 1047 differentium
793 993 872 1053 ergo
889 972 914 1034 si
938 994 1058 1046 semen,
1082 983 1115 1034 ut
1127 993 1183 1053 sup

244 1081 386 1165 ponitur,
410 1079 450 1141 sit
474 1078 645 1151 uniforme,
681 1100 746 1141 non
771 1080 890 1161 poterit
924 1080 1051 1141 alterari
1074 1090 1107 1142 ut
1135 1080 1184 1141 sint

245 1186 288 1249 ibi
312 1186 436 1248 diversa
460 1206 593 1267 organa,
617 1206 692 1266 quae
717 1195 876 1267 apparent
898 1186 931 1248 in
956 1187 1075 1267 genito

313 1401 372 1463 An
397 1413 660 1462 ARGUMENTUM
684 1414 721 1461 nu
747 1394 992 1463 c'onrnnnrun
1017 1410 1048 1463 et
1064 1402 1102 1462 ad
1113 1400 1184 1481 quin-

245 1528 309 1589 qne
333 1507 447 1587 prima,
472 1515 563 1587 patet
585 1507 617 1568 in
642 1505 706 1568 fine
732 1523 760 1569 2.
785 1507 890 1569 Artic.

312 1614 371 1675 Ad
381 1613 530 1694 primum
546 1613 677 1675 alterius
700 1612 862 1694 opinionis
878 1614 952 1675 dico
976 1616 1067 1696 quod
1082 1614 1186 1676 dictum

246 1719 435 1800 Philosophi
458 1720 555 1781 debet
578 1720 726 1801 restringi
743 1721 785 1781 ad
809 1720 984 1783 factionem
1010 1721 1053 1783 rei
1069 1720 1190 1801 comple-

246 1836 300 1901 tae,
325 1828 411 1889 unde
435 1826 510 1889 dicit
534 1826 577 1887 ibi
601 1828 691 1907 quod
715 1825 820 1888 forma
848 1837 1023 1909 generatur
1047 1850 1101 1909 per
1121 1827 1189 1887 acci-

246 1935 336 1996 dens.

313 2041 372 2103 Ad
390 2042 575 2115 secundum,
599 2040 797 2121 quibusdam
820 2062 884 2102 non
909 2042 1038 2103 videtur
1062 2043 1191 2121 inconve-

247 2147 337 2209 niens
360 2149 450 2228 quod
474 2156 665 2227 corruptum
690 2148 800 2210 redeat
825 2148 856 2208 in
880 2148 967 2209 idem
993 2170 1135 2221 numer0,
1159 2149 1191 2209 de

247 2274 314 2335 quo
349 2253 464 2315 dicitur
489 2254 520 2314 in
544 2262 671 2335 quarto,
709 2253 742 2316 Si
767 2264 877 2315 autem
915 2255 1053 2317 habetur
1077 2277 1133 2337 pro
1155 2255 1189 2315 in·
1272 2244 1273 2265 ³

247 2361 461 2435 convenienti,
475 2370 583 2441 potest
599 2361 661 2422 dici
674 2362 763 2441 quod
780 2361 997 2443 Philosophus
1011 2364 1042 2424 in
1055 2384 1090 2446 5.
1107 2363 1188 2443 Plryr.
1272 2340 1273 2345 ἵ

246 2469 436 2549 dicitquod
461 2469 502 2529 ad
526 2468 728 2529 identitatem
753 2468 953 2530 numeralem
990 2471 1113 2551 aliquid
1134 2472 1191 2552 plus

248 2575 428 2656 requiritur,
453 2574 571 2636 scilicet
594 2574 744 2636 identitas
761 2576 917 2655 temporis
940 2586 973 2637 et
998 2587 1116 2652 motus,
1132 2596 1193 2659 quae

248 2683 280 2743 in
305 2681 474 2762 proposito
498 2680 663 2743 deficiunt.

314 2789 373 2850 Ad
392 2788 546 2849 ultimum
571 2788 687 2848 dicitur
711 2809 729 2849 a
753 2788 949 2868 quibusdam
986 2792 1076 2870 quod
1099 2789 1195 2852 relatio

249 2894 499 2957 fundamentalis
523 2903 630 2976 potest
652 2915 721 2956 esse
744 2895 811 2956 sine
834 2896 974 2958 termino
998 2898 1194 2978 quamvisre·

249 3002 325 3063 latio
350 3000 494 3063 formalis
518 3021 582 3061 non
607 3001 709 3081 possit
732 3022 800 3062 esse
816 3002 883 3063 sine
907 3004 1056 3065 termino.
1081 3004 1133 3065 llla
1147 3022 1194 3062 au·

248 3117 315 3169 tem
340 3108 451 3169 relatio
475 3107 636 3169 seminalis
659 3107 738 3169 dicit
774 3108 962 3170 relationem
987 3110 1196 3172 fundamenta-

250 3213 312 3275 lem
338 3235 402 3276 non
427 3213 608 3276 formalem.
632 3250 677 3261 —
700 3214 806 3276 Aliter
827 3224 934 3295 potest
957 3217 1021 3277 dici
1046 3216 1130 3297 quod
1150 3213 1194 3274 illa

248 3321 360 3382 relatio
396 3321 493 3382 habet
516 3322 657 3402 aliquem
693 3322 868 3383 terminum
904 3323 1110 3385 intrinsecum
1132 3322 1195 3383 licet

247 3446 316 3489 non
339 3428 568 3491 extrinsecum.
