2634 4267
265 296 330 362 ²7²
522 278 597 340 Lru.
621 277 652 339 II
678 275 975 340 Sau'raurrnnuu

236 393 609 410 μαι..-

237 487 282 550 sic
306 506 372 548 non
395 494 443 548 est
475 483 582 546 minus
612 483 700 545 idem
724 481 814 544 alteri
837 489 999 556 extremo,
1024 501 1120 563 quarn
1141 501 1195 542 ex·

237 603 342 656 trema
365 592 429 654 sint
451 591 538 654 idem
563 590 645 652 inter
669 609 712 652 se.

310 695 449 767 Contra
481 693 591 764 illam
624 693 844 781 Opim'onem
879 696 1028 778 arguitur
1051 695 1109 758 sic:
1133 715 1194 756 non

236 815 286 870 est
309 805 462 888 ponenda
497 803 664 886 pluralitas
688 803 756 865 sine
791 803 989 876 necessitate,
1015 803 1065 864 vel
1095 802 1196 864 distin-

238 913 304 976 ctio
327 912 396 974 sine
419 910 625 974 necessitate:
650 909 776 972 sedhic
800 909 888 971 nulla
911 919 960 971 est
976 909 1144 972 necessitas
1158 909 1197 970 ad

238 1019 431 1103 ponendum
455 1016 514 1079 has
539 1015 702 1098 potentias
726 1016 893 1078 distinctas
915 1017 958 1078 ab
982 1016 1117 1078 essentia
1139 1015 1196 1076 ani·

240 1147 323 1202 mae;
348 1145 437 1206 erg0.
470 1123 588 1186 Minor
618 1123 787 1203 probatur,
822 1123 899 1204 quia
923 1123 1013 1184 nulla
1037 1123 1115 1184 ratio
1137 1122 1197 1202 opi-

242 1233 346 1296 nionis
369 1231 484 1314 primae
508 1230 682 1303 concludit,
707 1229 798 1311 quod
822 1239 913 1312 patet
935 1230 997 1292 sic:

309 1339 368 1401 Ad
382 1337 532 1419 primum
556 1336 631 1398 dico
654 1336 745 1417 quod
780 1336 965 1418 aequivocat
988 1337 1030 1399 de
1047 1335 1193 1418 potentia,

243 1447 321 1529 quia
343 1444 489 1528 potentia
512 1443 671 1525 accipitur
703 1464 769 1506 uno
794 1444 894 1517 modo
925 1453 1026 1526 prout
1048 1453 1095 1506 est
1116 1443 1152 1506 di
1173 1462 1197 1502 e·

243 1552 351 1617 nentia
384 1550 479 1623 entis,
507 1550 610 1613 etsie
646 1549 794 1632 potentia
817 1558 849 1612 et
872 1559 964 1612 actus
999 1571 1067 1613 non
1100 1551 1193 1612 solum

245 1659 376 1723 suntin
399 1657 516 1720 eodem
541 1677 669 1738 genere,
696 1657 753 1720 sed
776 1655 874 1719 etiam
898 1657 985 1719 idern
1010 1677 1152 1730 numero,
1167 1665 1197 1718 ut

246 1774 337 1849 patet
353 1785 409 1847 per
426 1763 730 1827 Commentatorem
758 1781 789 1846 9.
806 1762 954 1844 Metaplz.
973 1763 1124 1828 Secundo
1140 1784 1196 1825 mo·

248 1874 292 1936 do
315 1870 454 1934 sumitur
477 1870 624 1952 potentia
658 1891 718 1952 pro
737 1870 903 1952 principio
937 1871 1045 1934 activo
1068 1873 1117 1934 vel
1133 1883 1196 1953 pas·

247 1980 328 2051 siva,
356 1987 387 2040 et
411 1977 456 2039 sic
480 1977 586 2059 major
608 1985 657 2039 est
681 1975 772 2040 falsa.

315 2084 375 2147 Aa
393 2083 569 2146 secundum
592 2083 666 2145 dico
691 2084 781 2165 quod
798 2104 864 2146 non
887 2085 983 2160 valet,
1008 2085 1085 2166 quia
1104 2085 1195 2147 anima

250 2200 299 2256 est
316 2190 520 2272 principium
529 2191 676 2272 formale
698 2190 793 2266 vitae;
817 2190 874 2254 sed
891 2199 927 2253 ut
950 2199 999 2253 est
1009 2192 1195 2273 principium

251 2297 477 2362 intellectz'onis
500 2306 533 2359 et
548 2296 716 2359 volitz'onis
741 2297 902 2361 reducitur
919 2298 961 2360 ad
985 2319 1091 2380 genus
1106 2319 1193 2361 causae

252 2404 426 2468 efficientis.
451 2438 496 2450 -
518 2403 577 2466 Ad
601 2403 880 2486 confirmationem
907 2404 982 2467 dico
1006 2407 1096 2487 quod
1117 2424 1194 2488 agere

253 2533 311 2594 per
334 2509 507 2574 essentiam
531 2518 639 2592 potest
661 2510 832 2592 dupliciter
855 2511 1000 2594 intelligi,
1025 2533 1092 2576 uno
1114 2512 1192 2574 modo

255 2627 292 2680 ut
316 2616 523 2698 distinguitur
539 2625 654 2678 contra
677 2637 778 2698 agens
793 2616 990 2698 dependens,
1015 2628 1048 2682 et
1071 2619 1113 2682 sic
1127 2637 1193 2680 con-

256 2723 337 2807 petit
360 2723 418 2785 soli
444 2723 516 2785 Deo
539 2742 637 2804 agere
668 2743 725 2805 per
748 2723 937 2802 essentiam;
969 2725 1033 2788 alio
1058 2727 1150 2789 modo
1168 2733 1193 2786 ut

256 2830 469 2911 distinguitur
485 2838 599 2892 contra
614 2850 716 2912 agens
735 2849 793 2912 per
809 2830 966 2906 accidens,
983 2841 1017 2896 et
1040 2832 1193 2896 istomodo

258 2938 366 3020 major
387 2944 436 2998 est
458 2935 546 2998 falsa.

327 3044 385 3105 Ad
398 3043 530 3105 tertium
548 3063 633 3125 nego
649 3045 816 3126 rnajbrem,
845 3045 934 3126 quod
951 3053 1042 3126 patet
1065 3067 1118 3128 per
1133 3063 1190 3106 eun-

260 3151 336 3212 dem
361 3152 541 3212 Doctorem
558 3150 612 3212 lib.
639 3167 680 3222 2.,
701 3150 757 3232 qui
780 3150 857 3213 dicit
872 3151 962 3232 quod
985 3151 1190 3232 anima-seipsa

261 3265 309 3318 est
332 3256 559 3318 immediatum
583 3256 778 3338 principium
802 3257 1002 3339 receptivum
1026 3260 1130 3322 talium
1149 3275 1188 3338 po·

261 3362 436 3424 tentiarum
460 3383 542 3443 quas
565 3363 658 3444 ponit
681 3363 822 3425 diversas
845 3363 976 3428 formas

329 3469 388 3531 Ad
408 3478 562 3550 quartum
582 3469 699 3531 eodem
724 3471 824 3532 modo
845 3491 902 3552 per
925 3473 1126 3554 negationem
1144 3488 1189 3532 ma·

258 3575 345 3658 juris
368 3575 443 3656 quia
468 3575 622 3656 potentiae
646 3576 765 3637 animae
789 3586 846 3638 aut
869 3588 945 3641 sunt
968 3579 1136 3642 accidentia
1154 3595 1190 3638 ua·

264 3679 413 3751 riabz'lia‚
441 3688 473 3741 et
497 3679 634 3741 habetur
662 3682 885 3762 propositum;
910 3694 967 3748 aut
992 3683 1180 3748 invariubr'lza
