2634 4267
269 285 456 348 D1sc1ncc.
480 284 513 347 V
538 283 683 365 QoAEsT.
708 283 740 346 11
937 285 993 347 181

123 491 205 552 Dico
220 510 302 572 ergo
324 489 413 570 quod
428 489 591 571 appetitus
615 497 721 570 potest
740 489 842 570 accipi
858 509 919 571 pro
941 496 1017 552 actu

65 595 181 659 intenso
204 595 387 659 voluntatis
409 595 476 658 sine
503 604 624 658 conatu
658 595 701 658 ad
725 615 808 677 opus
831 604 938 672 extra;
962 595 1019 657 ali-

65 704 187 783 quando
211 703 315 766 etiam
342 711 456 785 potest
489 703 591 785 accipi
614 723 691 764 cum
726 711 845 765 conatu
869 703 912 764 ad
935 721 1019 784 opus

64 818 157 872 extra.
181 810 297 872 Primo
313 810 413 872 modo
436 818 632 891 potestesse
654 808 912 890 impossibilium,
937 808 1020 871 sicut

64 925 145 995 patet
167 918 210 980 de
227 918 283 979 illo
299 917 355 998 qui
379 916 478 979 habet
501 936 636 978 manum
660 915 849 991 abscissam;
875 915 1018 978 secundo

65 1023 155 1085 modo
171 1045 241 1086 non
258 1032 366 1105 potest
382 1043 450 1085 esse
465 1022 721 1105 impossibilium.
739 1023 817 1084 Ideo
839 1022 913 1084 dico
929 1023 1019 1103 quod

65 1127 207 1212 Angelus
232 1130 341 1212 potuit
363 1139 516 1212 appetere
539 1129 759 1211 ae'qualitatem
790 1129 852 1192 Dei
875 1137 951 1190 actu
975 1129 1020 1190 in-

65 1244 147 1299 tenso
169 1236 349 1299 voluntatis
372 1235 440 1298 sine
463 1245 581 1298 conatu
607 1236 649 1297 ad
673 1256 756 1318 opus
779 1243 882 1297 extra.

123 1343 165 1404 Et
188 1352 271 1405 tunc
294 1363 352 1424 per
368 1341 432 1404 hoc
454 1342 496 1403 ad
519 1350 714 1424 argumenta
739 1342 868 1404 alterius
892 1340 1017 1423 opinio-

67 1448 116 1509 nis
138 1450 196 1512 Ad
201 1450 354 1530 primum
375 1449 448 1511 dico
463 1450 553 1531 quod
568 1457 616 1511 est
641 1449 859 1530 aequivocatio
883 1450 924 1511 de
939 1448 1018 1511 elec-

67 1554 146 1618 tione
160 1557 246 1618 sicut
261 1565 309 1618 est
331 1557 373 1618 de
388 1555 599 1639 appetitu,ut
614 1555 802 1618 immediate
817 1556 941 1617 dictum
958 1564 1015 1630 est,

68 1662 144 1722 unde
158 1662 274 1725 electio
289 1671 422 1744 sumpta
442 1683 501 1743 pro
517 1671 591 1724 actu
608 1660 784 1724 voluntatis
807 1662 933 1724 intenso
949 1663 1017 1726 sine

69 1777 175 1831 conatu
196 1769 240 1830 ad
263 1789 347 1850 opus
366 1777 460 1830 extra
483 1777 590 1850 potest
613 1788 682 1830 esse
704 1768 963 1850 impossibilium,
980 1769 1019 1831 si-

69 1883 117 1934 cut
138 1884 227 1955 patet
250 1875 292 1937 de
314 1875 383 1951 illo;
407 1895 509 1956 quare
530 1884 592 1945 etc,

126 1982 182 2043 Ad
200 1982 376 2044 secundum
400 1981 474 2044 dico
497 1982 586 2062 quod
610 1981 683 2044 licet
711 1981 845 2064 angelus
869 2002 935 2044 non
958 1974 1017 2064 po·
1050 2061 1053 2067 Δ

69 2086 123 2147 tuit
149 2088 327 2171 intelligere
356 2089 569 2170 compositive
591 2109 626 2150 se
648 2109 717 2151 esse
740 2089 901 2170 aequalem
931 2091 1015 2163 Deo,

71 2195 165 2271 potuit
194 2204 306 2257 tamen
336 2194 512 2276 intelligere
539 2195 618 2276 quid
649 2195 849 2278 significatur
873 2217 930 2277 per
953 2195 1017 2257 hoc

70 2299 150 2377 quod
170 2311 218 2364 est
240 2301 319 2363 illud
350 2311 512 2383 appetere,
536 2302 612 2382 quia
647 2293 823 2364 adactum
854 2302 1016 2364 volitionis

71 2407 174 2468 sufficit
207 2409 347 2490 simplex
371 2409 514 2490 cognitio
543 2409 667 2490 absque
701 2409 946 2491 compositione.
971 2408 1016 2470 Et

72 2530 120 2589 per
141 2513 217 2576 illud
240 2523 329 2596 patet
352 2515 401 2577 ad
420 2515 561 2577 tertium.
621 2541 623 2545 ¹

128 2620 183 2680 Ad
201 2630 356 2702 quartum
371 2620 444 2683 dico
461 2621 551 2702 quod
567 2642 633 2684 non
650 2630 779 2702 oportet
795 2622 884 2703 quod
900 2622 1016 2703 aliquis

72 2724 138 2786 velit
158 2747 356 2810 consequens
371 2728 396 2789 si
413 2729 483 2789 vult
498 2728 701 2801 antecedens,
721 2728 864 2789 maxime
879 2729 1013 2809 quando

71 2847 347 2913 00nsequensnon
370 2842 419 2896 est
441 2834 482 2895 de
498 2854 554 2915 per
577 2854 612 2895 se
634 2833 798 2896 intellectu
821 2836 1014 2897 anteceden-

73 2934 115 3008 tis,
136 2957 209 3000 nam
231 2940 346 3021 aliquis
369 2948 476 3021 potest
509 2948 662 3022 appetere
696 2941 919 3023 episcopatum
950 2962 1016 3004 non

72 3043 199 3107 volendo
221 3047 452 3124 sacerdotium;
488 3068 575 3108 nunc
598 3056 708 3109 autem
743 3049 878 3130 angelus
902 3048 1016 3122 intelli-

74 3147 172 3226 gebat·
191 3153 278 3232 prins
311 3153 391 3235 quid
425 3153 667 3235 significabatur
702 3175 759 3236 per
794 3153 1015 3236 aequalitatem

74 3251 136 3328 Dei,
157 3277 254 3338 quam
277 3259 468 3342 intelligeret
491 3260 743 3322 destructionem
772 3261 820 3322 sui
828 3283 835 3339 ;
860 3261 933 3324 ideo
957 3283 1017 3344 po-

75 3359 128 3422 tuit
153 3374 302 3444 appetere
324 3365 384 3428 sibi
416 3365 504 3427 illam
539 3367 759 3447 aequalitatem
784 3388 850 3429 non
884 3367 1017 3432 ferendo

77 3484 104 3526 se
123 3488 213 3551 super
234 3471 283 3534 sui
306 3458 571 3534 destructionem.
