2634 4267
268 285 327 361 ¹58
508 283 582 347 Lm·
608 283 638 346 11
663 241 958 346 Snnrnnrmnun
1037 237 1039 246 Ι

237 491 296 571 per
327 487 449 570 species
471 487 608 566 innatas,
639 496 718 550 ωηο
742 487 786 549 ita
809 487 893 550 bene
923 499 1140 570 cognosceret
1165 489 1216 550 fu-

240 601 314 655 tura
337 593 559 676 contingentia
581 594 664 656 sicut
688 594 869 676 praesentia,
894 595 985 676 quod
1004 604 1053 657 est
1076 594 1213 658 falsum.

245 697 476 782 Consequentia
488 700 645 782 probatur
661 721 717 783 per
733 699 945 763 Aristotelem
961 719 992 763 2.
1010 702 1048 763 de
1064 700 1208 774 Anima,

237 807 296 888 qui
321 807 398 870 dicit
428 808 518 890 quod
554 807 763 889 intelligimus
785 808 919 889 quando
941 809 1104 882 volumus
1130 809 1214 890 quia

241 909 401 976 habemus
424 915 565 995 speciem
589 915 679 996 apud
703 935 771 988 nos,
796 915 852 976 sed
876 913 960 977 facta
973 914 1153 996 hypothesi
1166 915 1215 978 ita

237 1021 386 1101 sequitur
409 1020 441 1082 in
466 1021 593 1102 angele.
970 1019 974 1025 ’

308 1137 472 1199 Proeterea
494 1135 632 1198 secundo
655 1137 713 1198 sic:
738 1137 821 1198 sicut
844 1156 878 1198 se
912 1135 1035 1198 habent
1057 1136 1142 1198 ideae
1168 1139 1215 1200 ad

244 1259 294 1304 res
317 1242 448 1317 ideataS,
473 1243 518 1305 sic
541 1263 575 1304 se
598 1241 699 1305 habet
726 1243 848 1324 species
863 1242 906 1304 ad
922 1263 972 1304 res
995 1241 1213 1324 specificatas;

196 1383 203 1392 ·
238 1350 298 1411 sed
322 1349 399 1430 quia
423 1350 455 1411 in
482 1350 555 1411 Deo
578 1349 620 1411 ab
643 1358 767 1411 aeterno
790 1347 921 1411 fuerunt
944 1349 1025 1410 ideae
1045 1350 1214 1424 omnium,

239 1453 317 1517 ideo
340 1456 382 1517 ab
406 1465 530 1519 aeterno
554 1456 666 1518 omnia
688 1456 853 1537 cognovit.
879 1455 1032 1519 Similiter
1055 1456 1125 1518 siin
1153 1478 1215 1518 an-

245 1562 318 1644 gelo
342 1572 419 1624 sunt
441 1562 563 1644 species
586 1563 735 1625 omnium
760 1571 941 1625 concreatae
965 1562 1072 1644 potuit
1095 1564 1216 1626 omnia

239 1667 350 1730 lutura
367 1689 572 1750 cognoscere.

259 1761 262 1766 ¹
313 1776 437 1837 Dicunt
460 1776 558 1856 aliqui
583 1776 674 1857 quod
706 1797 770 1837 non
798 1775 1031 1857 sequitur‚quia
1061 1795 1111 1837 res
1143 1778 1218 1840 exi·

240 1865 330 1946 stens
354 1883 451 1944 aliam
476 1882 575 1944 habet
598 1883 787 1945 relationem
811 1883 853 1945 ad
884 1903 977 1944 suam
1009 1882 1155 1964 speciem
1182 1885 1216 1947 in

240 1975 406 2051 intellectu
434 1988 589 2070 ‚angelico
623 2009 724 2069 quam
763 1988 863 2051 habet
901 1997 1077 2069 antequam
1112 2001 1215 2053 esset.

248 2092 378 2159 Contra.
403 2095 460 2156 illa
483 2091 604 2168 relati0‚
629 2095 680 2156 vel
703 2103 752 2157 est
782 2095 812 2157 in
850 2093 1064 2157 fundamento
1087 2116 1131 2157 ex
1148 2119 1216 2159 na-

240 2205 317 2263 tura
353 2200 573 2274 fundamenti·
602 2206 635 2262 et
669 2210 747 2262 ωηο
771 2201 878 2282 posito
913 2200 1128 2264 fundamento
1157 2224 1216 2284 po-

241 2316 371 2370 neretur
395 2307 518 2382 relatio;
543 2308 593 2370 vel
617 2316 666 2369 est
689 2329 732 2369 ex
756 2308 905 2381 termino,
929 2317 962 2369 et
985 2317 1064 2370 tunc
1080 2309 1123 2370 ad
1151 2311 1215 2370 mi-

241 2422 305 2476 'nus
329 2415 478 2476 notitiam
503 2414 585 2475 illius
609 2414 771 2476 relationis
794 2414 900 2495 capiet
923 2434 966 2476 ex
989 2415 1141 2477 termino.

262 2508 267 2513 ⁵
310 2519 405 2588 Dico
428 2537 529 2608 ergo,
561 2522 728 2602 sequendo
752 2521 939 2602 opinionem
960 2521 1066 2595 istam,
1095 2542 1213 2602 quam-

241 2616 292 2690 vis
314 2628 494 2709 aliqualiter
517 2627 676 2689 diminute
700 2627 795 2699 dicat,
811 2629 903 2708 quod
918 2628 1054 2709 angelus
1070 2629 1212 2710 accipiat

243 2735 394 2797 notitiam
419 2734 461 2796 ab
484 2735 551 2796 istis
575 2734 801 2816 singularibus
826 2743 858 2796 et
881 2734 1030 2816 intelligit
1054 2755 1112 2816 per
1136 2756 1211 2817 spe-

242 2841 309 2903 cies
331 2840 464 2904 arebus
487 2841 675 2903 abstractas
702 2841 746 2902 Et
769 2861 858 2922 pono
874 2842 1210 2922 quatuorconclusio-

245 2964 312 3009 nes.
336 2947 457 3009 Prima
480 2957 529 3008 est
552 2948 642 3028 quod
665 2948 801 3029 angelus
832 2955 939 3029 potest
962 2947 1104 3029 recipere
1128 2949 1211 3010 noti-

242 3050 325 3116 tiam
349 3075 368 3116 a
391 3054 607 3136 singularibus
630 3063 668 3116 ut
691 3055 853 3137 singulare
876 3063 934 3118 est.
960 3053 1110 3116 Secunda
1132 3075 1209 3116 con-

245 3161 353 3228 clusio¹
382 3170 430 3223 est
460 3162 552 3242 quod
583 3160 608 3222 si
636 3161 755 3224 habeat
786 3161 934 3224 notitiam
969 3161 1138 3243 singularis
1168 3171 1208 3222 ut

243 3266 408 3348 singulare
436 3276 484 3348 est
507 3288 572 3330 non
596 3276 765 3349 acceptam
789 3289 808 3329 a
832 3268 937 3342 rebus
961 3267 1071 3330 adhuc
1090 3265 1207 3346 accipit

244 3373 395 3434 notitiam
420 3374 600 3436 existentiae
624 3375 760 3437 actualis
783 3375 827 3436 rei
850 3375 900 3436 vel
925 3394 991 3436 non
1015 3359 1214 3436 existentiae(

253 3480 361 3542 Tertia
384 3480 549 3542 conclusio
573 3489 622 3544 est
643 3481 735 3562 quod
767 3481 915 3543 notitiam
938 3481 1120 3542 intuitivam
1142 3477 1201 3540 sin·

245 3586 409 3667 gularium
435 3587 613 3649 necessario
636 3587 749 3667 recipit
764 3608 784 3649 a
808 3588 915 3650 rebus.
936 3585 1065 3662 Quarta
1080 3584 1205 3648 conclu-

243 3689 294 3751 sio
310 3699 357 3751 est
374 3692 465 3771 quod
488 3692 609 3772 species
633 3693 827 3754 universales
844 3702 951 3774 potest
963 3694 1103 3775 recipere
1123 3711 1140 3752 a
1155 3709 1206 3752 re·

247 3791 309 3856 bus
331 3795 357 3855 si
381 3815 446 3856 non
491 3805 598 3857 essent
615 3796 679 3858 'sibi
702 3807 894 3860 concreatae.
