2634 4267
333 272 518 339 Drsnucr.
543 274 659 337 XXIV
683 273 832 355 QuAEsr.
858 276 871 337 Ι
1009 292 1070 355 333

827 392 1095 403 nam—.—

111 508 116 515 ·
203 479 430 566 Quantum
442 481 507 545 ad
513 480 754 545 secundum
763 480 1012 546 Articulum
1021 481 1100 545 dico

119 587 220 668 quod
244 587 298 648 illa
321 586 430 668 opinio
453 608 519 649 non
535 596 609 660 stat,
634 587 711 668 quia
726 588 877 649 voluntas
907 608 972 650 non
989 608 1097 650 neces-

119 694 245 755 sitatur
269 702 417 774 respectu
441 693 546 755 ultimi
569 691 651 766 finis,
676 694 766 775 quod
790 694 980 775 probatura
994 694 1099 759 Scoto

120 800 185 863 lib.
210 818 242 862 Ι.
265 800 342 863 dist.
368 819 398 864 1.
423 822 453 881 q.
477 818 509 883 4.

195 907 313 969 Primo
324 907 386 969 sic:
400 906 478 969 nihil
490 916 539 969 est
548 906 592 968 ita
600 905 632 968 in
642 914 803 988 potestate
815 907 1001 982 voluntatis
1011 908 1096 970 sicut

122 1022 178 1076 est
200 1014 271 1094 ipsa
294 1014 455 1087 voluntas,
481 1022 516 1075 ut
539 1021 630 1094 patet
653 1034 710 1094 per
734 1012 963 1094 Augustinum
988 1015 1099 1077 1.Re-

123 1129 224 1184 tract.
247 1141 273 1182 c.
298 1138 329 1202 9.
354 1120 428 1182 Hoc
444 1129 554 1182 autem
571 1140 636 1181 non
648 1119 840 1201 intelligitur
857 1120 916 1181 nisi
933 1129 1096 1203 quantum

122 1228 170 1289 ad
182 1226 469 1315 actum'elicitum3
493 1247 573 1309 ergo
589 1247 665 1288 cum
686 1235 778 1289 actus
801 1227 981 1289 intellectus
1009 1228 1094 1290 circa

124 1332 230 1395 finem
254 1332 406 1395 ultimum
429 1333 470 1394 sit
493 1333 524 1395 in
541 1342 702 1413 potestate
718 1333 902 1407 voluntatis,
929 1342 965 1395 ut
989 1334 1097 1415 possit

124 1441 229 1502 istum
252 1449 362 1501 actum
379 1440 583 1521 suspendere,
609 1439 713 1501 multo
738 1440 843 1521 magis
881 1449 989 1521 potest
1024 1461 1094 1503 sus-

126 1547 272 1629 pendere
294 1554 405 1609 actum
429 1546 583 1627 primum.

197 1652 344 1715 Secundo
355 1653 413 1716 sic:
423 1673 524 1735 agens
536 1653 626 1736 quod
638 1652 847 1714 necessitatur
859 1654 901 1715 ad
914 1654 1096 1735 agendum,

125 1760 170 1822 de
201 1759 389 1822 necessitate
423 1769 570 1823 removet
605 1759 782 1841 prohibens
816 1760 976 1821 actionem
1012 1760 1093 1845 ejuS,

125 1867 211 1928 sicut
234 1874 325 1947 patet
347 1866 537 1947 exemplum
555 1867 595 1928 de
612 1866 703 1948 gravi
721 1886 796 1927 cum
813 1866 916 1928 tendit
940 1866 1091 1928 deorsum

125 1972 249 2055 frangit
283 1972 426 2047 trabem3
450 1993 529 2054 ergo
564 1973 589 2034 si
624 1973 777 2035 voluntas
813 1973 1021 2035 necessitetur
1048 1974 1092 2035 ad

124 2079 305 2142 volendum
322 2080 474 2142 ultimum
490 2078 603 2153 finem,
621 2079 801 2141 removebit
817 2078 992 2160 prohibens
1004 2080 1091 2149 illam

125 2187 299 2249 actionem.
325 2185 390 2249 Sed
413 2186 492 2248 illud
516 2206 584 2247 non
601 2196 650 2248 est
666 2186 880 2247 consideratio
900 2184 988 2259 finis;
1013 2205 1095 2267 ergo

125 2293 222 2355 faciet
245 2302 330 2355 stare
359 2293 558 2355 intellectum
593 2293 677 2354 circa
711 2293 874 2354 actualem
910 2293 1091 2353 considera-

125 2400 250 2462 tionem
275 2398 356 2472 finis,
381 2400 474 2479 cujus
497 2400 698 2462 contrarium
723 2399 920 2480 experimur.

200 2506 304 2569 Tertio
328 2506 389 2568 sic:
414 2526 512 2568 omne
538 2526 639 2587 agens
667 2506 845 2568 necessario
882 2507 922 2568 de
956 2506 1091 2567 necessi-

123 2613 289 2695 tate-agit
316 2613 495 2675 secundum
530 2614 683 2675 ultimum
721 2613 877 2695 potentiae
913 2632 990 2685 suae,
1015 2613 1091 2693 quia

124 2720 209 2782 sicut
233 2740 298 2781 non
322 2727 370 2781 est
393 2719 425 2780 in
450 2728 610 2799 potestate
626 2720 695 2799 ejus
711 2720 806 2794 actio,
824 2720 868 2781 ita
888 2739 947 2781 nec
968 2719 1091 2782 intense

122 2827 176 2889 vel
211 2826 343 2888 remisse
376 2845 490 2908 agere;
526 2847 605 2907 ergo
640 2827 791 2889 voluntas
825 2827 866 2888 de
902 2825 1091 2888 necessitate

123 2933 213 2996 volet
248 2931 347 2994 finem
374 2953 470 3014 aeque
500 2932 624 2995 intense
659 2943 820 3014 quantum
856 2941 973 3013 potest,
998 2933 1092 3012 cujus

124 3039 323 3103 contrarium
348 3039 543 3120 experimur.

197 3145 326 3209 Ultimo.
342 3145 404 3208 sic:
429 3146 573 3226 potentia
597 3146 695 3208 libera
726 3167 782 3228 per
807 3144 1088 3231 participationem

125 3274 191 3316 non
216 3253 321 3334 magis
355 3252 459 3313 tendit
493 3253 524 3313 in
560 3253 726 3333 objectum
761 3253 952 3335 perfectum,
989 3272 1088 3333 quam

118 3362 156 3423 ‘in
180 3360 269 3422 aliud
293 3358 478 3439 objectum:
514 3380 592 3442 ergo
629 3380 687 3421 nec
722 3360 867 3441 potentia
903 3359 1001 3421 libera
1032 3378 1090 3439 per

123 3466 307 3539 essentiam,
332 3465 415 3527 sicut
448 3475 495 3527 est
518 3467 679 3528 voluntas
715 3467 911 3529 Antecedens
935 3473 1024 3546 patet
1048 3465 1089 3525 de

124 3572 271 3655 potentia
293 3572 405 3645 visiva,
441 3593 515 3653 quae
551 3594 615 3634 non
653 3573 757 3655 magis
792 3572 969 3635 necessario
997 3571 1087 3633 videt

124 3679 384 3763 pulcherrimum
408 3699 508 3759 quam
533 3680 641 3742 minus
664 3680 849 3760 pulchrum.
