2634 4267
267 263 330 341 378
517 260 592 325 Lm.
616 260 647 324 ΙΙ
672 262 968 328 Senrnurmnun

310 464 468 540 Secundo,
507 467 583 550 quia
617 468 695 530 alias
730 477 836 550 partes
871 468 1022 533 formales
1053 470 1190 541 fluerent,

240 575 331 656 quod
353 584 402 637 est
424 583 539 637 contra
561 573 797 656 Philosophum
822 595 852 637 I.
876 578 916 638 de
934 588 1073 659 generat.

314 682 429 753 Tertio,
456 681 482 742 si
505 681 549 742 ibi
572 690 655 744 esset
679 680 783 743 forma
806 683 911 745 carnis
934 704 1010 764 quae
1033 704 1094 746 non
1118 700 1193 764 prae·

241 786 310 861 fuit,
334 798 413 852 tunc
449 787 567 851 laceret
601 809 678 850 cum
713 810 809 851 carne
844 791 1069 870 praeexistente
1095 810 1192 850 unum

241 916 298 977 per
322 896 458 959 modum
483 895 628 957 continui
651 894 702 957 vel
718 895 875 977 contigui,
892 906 924 958 et
939 906 1019 959 tunc
1035 918 1094 959 non
1115 904 1195 957 esset

240 1002 374 1065 nutritio
397 1003 453 1065 sed
477 1003 630 1082 quaedam
652 1001 878 1082 juxtapositiO,
892 1011 936 1064 'et
960 1024 1025 1065 non
1049 1003 1196 1085 quaelibet

240 1130 315 1191 pars
337 1108 455 1171 nutriti.
471 1118 554 1171 esset
578 1109 708 1181 nutrita,
733 1129 792 1171 nec
820 1109 975 1190 quaelibet
1010 1131 1079 1191 pars
1111 1107 1193 1170 aucti

240 1226 323 1279 esset
357 1224 462 1289 aucta,
497 1217 587 1297 quod
622 1225 671 1278 est
705 1224 818 1278 contra
849 1215 1082 1298 Philosophum
1104 1235 1134 1278 Ι.
1157 1215 1195 1276 de

235 1335 382 1407 generat.

311 1426 449 1497 Contra
473 1426 582 1497 illam
604 1426 824 1513 opinionem
859 1430 1008 1512 arguitur
1042 1432 1098 1492 sic:
1132 1448 1194 1490 cer-

238 1547 310 1599 tum
335 1545 383 1600 est
406 1538 496 1618 quod
520 1545 594 1618 post
617 1536 828 1599 nutritionem
851 1546 928 1598 sunt
964 1538 1070 1618 plures
1092 1544 1192 1619 partes

240 1645 384 1706 materiae
407 1644 440 1705 in
463 1652 535 1705 toto
558 1664 658 1725 quam
683 1644 780 1724 prius.
806 1643 879 1705 Aut
901 1662 982 1725 ergo
1017 1666 1099 1706 nova
1123 1662 1193 1724 pars

239 1751 382 1813 materiae
407 1758 455 1812 est
489 1750 557 1811 sine
592 1749 706 1823 forma,
742 1750 832 1830 quod
867 1760 915 1812 est
949 1750 1189 1823 inconveniens;

238 1866 295 1919 aut
318 1867 367 1919 est
390 1857 450 1919 sub
478 1856 583 1918 forma
618 1876 713 1930 nova,
749 1859 782 1919 ei
817 1855 955 1919 habetur
980 1858 1189 1939 propositum;

238 1973 295 2025 aut
318 1973 366 2026 est
400 1964 461 2025 sub
493 1972 585 2045 parte
619 1962 734 2025 formae
771 1984 866 2025 novae
906 1964 1137 2044 praeexistente,
1159 1969 1188 2021 et

238 2080 317 2133 tunc
340 2072 390 2133 vel
415 2071 467 2131 illa
490 2070 606 2133 desinit
623 2068 776 2151 perficere
796 2080 923 2151 partem
941 2072 1084 2135 materiae
1098 2087 1188 2151 quam

238 2178 327 2259 prius
350 2176 492 2258 perfecit,
528 2187 561 2239 et
596 2176 750 2258 migrabit
784 2175 889 2238 forma
923 2178 965 2239 de
1000 2178 1138 2258 subjecto
1159 2174 1188 2235 in

238 2284 432 2364 subjectum,
457 2284 547 2364 quod
578 2293 627 2346 est
662 2284 909 2363 inconveniens;
934 2293 992 2345 aut
1015 2285 1106 2347 simul
1128 2302 1188 2363 per-

238 2390 323 2454 ficiet
357 2391 425 2452 illas
460 2392 542 2453 duas
576 2399 685 2471 partes
723 2390 876 2464 materiae,
912 2399 945 2451 et
980 2390 1109 2452 habebit
1128 2390 1189 2449 duo

238 2496 447 2579 perfectibilia
470 2497 655 2579 adaequata,
681 2496 770 2578 quod
794 2506 843 2559 est
866 2497 1101 2560 inconveniens.

304 2604 479 2675 Proeterea,
518 2604 608 2685 quod
631 2604 710 2665 dicit
741 2604 782 2665 de
815 2603 964 2684 partibus
999 2602 1184 2671 formalibus,

238 2712 328 2793 quod
352 2731 418 2773 non
443 2710 545 2773 fluant
568 2720 616 2773 est
640 2710 767 2784 falsum,
792 2710 868 2792 quia
893 2710 998 2773 forma
1022 2711 1132 2773 educta
1152 2708 1189 2769 de

238 2817 383 2899 potentia
408 2818 552 2881 materiae
576 2818 740 2897 dependet
774 2839 793 2878 a
828 2838 887 2879 suo
912 2816 1110 2899 perfectibili,
1129 2835 1190 2896 quo

238 2924 413 2996 desinente,
438 2924 562 2986 desinet
586 2924 665 3007 ipsa.

303 3108 391 3204 Est
410 3142 454 3203 et
475 3139 606 3204 tertia
632 3138 784 3220 ope'm'o
808 3136 934 3203 Seotr‘
953 3138 1010 3218 qui
1027 3140 1096 3200 vult
1110 3134 1190 3217 quod

237 3246 429 3308 alimentum
465 3246 578 3307 transit
614 3246 645 3306 in
680 3246 849 3307 veritatem
885 3243 1041 3307 humanae
1077 3253 1190 3305 naturae

237 3374 294 3434 per
317 3352 563 3433 acquisitionem
587 3346 684 3414 etiarn
713 3352 847 3432 alicujus
883 3372 979 3413 novae
1011 3352 1111 3433 partis
1139 3348 1191 3411 ior-

238 3460 339 3522 malis
365 3460 423 3521 Ad
447 3459 540 3539 cujus
564 3459 761 3520 intellectum
786 3467 862 3519 sunt
878 3466 1027 3539 'quatuor
1052 3458 1190 3520 videnda.

302 3565 428 3636 Prima,
456 3566 545 3646 quod
570 3566 601 3627 in
626 3552 807 3626 nutritione
823 3573 872 3626 est
891 3563 1000 3645 aliqua
1024 3584 1190 3647 generatio,

236 3670 445 3731 extendendo
476 3670 719 3750 generationem
743 3671 784 3731 ad
808 3690 941 3732 omnem
977 3672 1191 3734 inductionem
