2634 4267
272 277 335 338 288
516 273 645 339 Lm.11
671 272 965 336 Sanasnnnnun

248 480 370 543 stinum
394 497 426 562 9.
449 489 545 561 snper
571 477 651 542 Gen.
676 479 725 542 ad
745 477 890 541 litteram
899 502 916 551 ,·
941 479 999 541 sed
1023 479 1107 542 Deus
1127 479 1187 542 nihil
1275 537 1276 542 ,

249 586 325 650 facit
348 587 381 649 in
405 587 540 650 materia
562 585 660 667 cujus
683 606 750 649 non
773 585 815 648 sit
838 586 974 648 materia
998 587 1153 668 receptiva.

322 693 426 756 Tertio
442 693 574 775 ponitur
598 692 780 756 secundum
797 691 932 774 aliquos,
958 694 1048 774 quod
1071 693 1141 754 ratio
1154 713 1188 754 se

250 799 377 862 minalis
400 808 449 862 est
471 799 593 882 aliquid
617 799 650 861 in
675 799 818 872 materia,
835 808 869 861 et
891 809 939 861 est
956 800 1076 881 gradus
1097 799 1188 880 aliquis

250 901 458 989 imperfectus
481 915 629 990 respectu
665 905 780 968 sormae
803 906 993 978 educendae,
1025 915 1057 968 et
1078 915 1121 968 est
1139 905 1189 985 eju·
1276 921 1277 940 ¹

250 1015 342 1078 sdem
359 1013 491 1075 rationis
507 1033 583 1076 cum
608 1012 712 1096 gradu
730 1013 885 1094 sequenti.
902 1013 992 1075 Vide
1016 1012 1076 1076 hoc
1098 1013 1126 1074 in
1139 1013 1189 1074 Bo-

253 1129 442 1184 naventura.

318 1228 384 1290 Ista
417 1226 528 1308 opinio
559 1224 774 1288 confirmatur
809 1246 866 1307 per
892 1226 1042 1308 quinque
1076 1225 1193 1287 rationes

252 1334 352 1398 factas
375 1334 408 1395 in
433 1332 592 1416 principio
615 1332 815 1414 quaestionis.

323 1438 452 1504 Contra.
478 1437 602 1521 Quaero
627 1447 738 1501 utrum
762 1438 816 1500 illa
832 1459 905 1520 pars
929 1438 1045 1501 sormae
1068 1459 1135 1520 quae
1155 1458 1194 1498 ac·

252 1547 388 1629 quiritur
404 1567 462 1628 per
479 1545 733 1629 generationem,
758 1554 815 1607 aut
849 1544 980 1627 praefuit
1004 1546 1036 1607 in
1072 1544 1193 1617 materia,
1278 1567 1279 1578 *

251 1662 310 1716 aut
332 1672 408 1717 non.
434 1652 468 1716 Si
492 1652 554 1730 sic;
578 1672 658 1735 ergo
675 1672 741 1714 non
764 1652 941 1734 acquiritur
965 1673 1025 1734 per
1041 1651 1193 1734 generatio

252 1781 339 1824 nem.
372 1759 513 1823 Sinon:
538 1779 617 1842 ergo
641 1779 708 1821 non
743 1758 853 1821 evadis
883 1759 1080 1822 creationem
1112 1777 1195 1839 quam

253 1866 394 1930 intendis
417 1865 529 1930 vitare.

318 1973 492 2044 praterea,
513 1971 545 2034 in
569 1970 663 2053 cujus
679 1971 799 2034 virtute
822 1971 927 2034 activa
942 1980 992 2034 est
1015 1992 1072 2034 ens
1095 1969 1159 2053 pers
1186 2005 1195 2014 ·

253 2081 326 2155 tius,
351 2079 383 2142 in
406 2079 475 2160 ejus
499 2079 618 2141 virtute
641 2079 747 2142 activa
770 2087 888 2144 estens
912 2078 1129 2161 imperfectius
1146 2076 1197 2157 eju·
1280 2118 1281 2184 p

253 2188 345 2250 sdem
369 2185 517 2260 rationis;
541 2186 597 2248 sed
622 2185 743 2268 gradus
759 2185 947 2267 praecedens
970 2195 1020 2248 est
1051 2183 1163 2267 imperi
1189 2219 1199 2228 -
1280 2197 1281 2226 ³

253 2294 316 2356 tior
339 2292 442 2374 gradu
467 2291 625 2372 sequenti,
650 2301 683 2354 et
706 2292 854 2374 ejusdem
875 2292 1017 2366 rationis
1042 2293 1116 2373 quia
1136 2290 1199 2352 alias

255 2400 361 2463 forma
383 2407 466 2461 esset
489 2399 672 2480 composita
696 2419 739 2461 ex
763 2399 908 2480 partibus
943 2399 1140 2461 diversarum
1160 2417 1199 2458 ra-

255 2507 400 2580 tionum;
425 2505 450 2566 si
474 2525 554 2587 ergo
578 2525 737 2587 generans
753 2514 861 2587 potest
884 2525 1006 2587 ponere
1030 2505 1161 2568 formam
1174 2503 1199 2564 in

255 2634 324 2676 esse
346 2612 525 2674 secundum
558 2611 698 2694 gradum
722 2621 913 2694 sequentem
944 2612 1001 2694 qui
1025 2622 1074 2676 est
1096 2609 1200 2694 perfec·

255 2720 345 2794 ctior,
370 2718 475 2780 multo
510 2718 615 2800 magis
637 2719 819 2781 secundum
855 2719 996 2801 gradum
1032 2717 1200 2802 praeceden·

254 2836 322 2890 tem
346 2824 401 2906 qui
425 2833 473 2886 est
496 2823 722 2906 imperfectior.

322 2932 496 3004 Proetereu,
525 2952 638 3012 quaero
663 2932 704 2993 de
726 2931 779 2994 illa
802 2940 894 3013 parte
928 2930 1044 2994 formae
1068 2951 1138 3014 quae
1165 2927 1202 2989 ul·

255 3040 337 3101 timo
360 3037 532 3111 inducitur,
557 3038 598 3099 de
620 3037 713 3118 cujus
737 3038 881 3119 potentia
911 3038 1081 3101 educatur.
1104 3037 1134 3101 Si
1155 3034 1202 3095 im-

258 3145 398 3207 mediate
421 3144 610 3226 producitur
634 3145 676 3206 de
701 3145 847 3226 potentia
871 3145 1028 3219 materiae,
1053 3154 1128 3208 tunc
1148 3141 1201 3204 fru-

257 3260 322 3314 stra
346 3248 476 3333 ponitur
500 3251 582 3313 ratio
618 3250 789 3317 seminalis.
816 3251 849 3314 Si
873 3260 983 3314 autem
1021 3252 1202 3334 producatur

257 3359 298 3421 de
322 3359 424 3440 gradu
450 3356 649 3439 imperfecto,
675 3356 738 3419 hoc
761 3367 809 3420 est
828 3357 1058 3421 inconveniens
1080 3356 1161 3440 quod
1174 3373 1201 3414 a·

257 3465 358 3546 liquid
375 3466 574 3546 producatur
589 3464 631 3526 de
654 3464 800 3545 potentia
816 3464 950 3545 alicujus
974 3467 1065 3547 quod
1087 3472 1131 3526 est
1145 3460 1200 3541 eju-

257 3572 349 3633 sdem
375 3570 505 3632 rationis
529 3591 604 3633 cum
629 3591 669 3632 eo
692 3571 782 3651 quod
807 3571 1005 3652 producitur.

324 3677 498 3747 Proeterea,
518 3676 571 3737 illa
587 3677 669 3738 ratio
685 3676 855 3738 intrinseca
871 3677 1043 3752 seminalis,
1066 3685 1119 3739 aut
1133 3690 1201 3736 sem-
