2634 4267
379 264 566 327 Drsrmcr.
592 266 605 327 1
630 264 777 346 Quasr.
803 266 833 329 ΙΙ
1035 283 1076 347 17

129 489 202 543 ma;
228 470 285 531 sed
309 490 405 551 posse
422 469 540 532 habere
562 470 713 533 effectum
734 493 885 534 coaevum
908 482 957 534 est
981 472 1100 555 persec-

40 562 44 569 ’
128 576 231 637 tionis
254 576 286 637 in
311 596 409 637 causa
432 578 591 652 secunda;
616 598 696 659 ergo
720 578 783 641 hoc
807 600 873 641 non
888 598 894 611 ·
908 589 956 642 est
981 601 1100 662 negan-

130 684 216 743 dum
239 703 259 743 a
282 704 380 744 causa
404 683 518 764 prima.
548 682 770 767 Confirmatur
800 686 900 758 ratim
928 686 1004 767 quia
1033 707 1099 748 mo-

130 790 196 850 dus
220 789 375 851 causandi
400 810 465 851 non
489 791 591 853 variat
621 791 799 854 formaliter
831 793 938 875 ipsum
963 794 1100 874 produc-

131 905 218 957 tum.
244 896 309 959 Sed
333 895 359 957 si
383 896 474 958 Deus
498 899 684 961 naturaliter
715 908 837 961 crearet
867 909 1030 961 creaturas
1053 920 1100 961 es·

132 1012 207 1063 sent
223 1002 282 1064 sibi
307 1024 440 1077 coaevae,
458 1004 540 1065 sicut
565 1004 665 1067 Filius
680 1016 729 1067 est
750 1006 937 1068 naturaliter
962 1007 1099 1088 produc-

132 1119 189 1171 tus
212 1119 244 1170 et
267 1119 316 1171 est
339 1110 397 1173 sibi
422 1131 563 1175 coaevus
589 1112 680 1193 Ergo
696 1122 829 1193 propter
853 1112 915 1174 hoc
939 1114 1028 1195 quod
1045 1134 1099 1175 vo-

133 1216 275 1277 luntarie
291 1227 412 1291 causat,
427 1238 492 1279 non
510 1217 685 1299 impeditur
709 1219 787 1301 quin
809 1219 933 1302 possint
956 1219 1015 1287 sibl
1030 1241 1099 1282 esse

131 1344 268 1384 coaevae.

209 1430 313 1492 Tertio
330 1430 562 1511 princz'palz'ter
585 1432 646 1493 sic:
672 1432 772 1514 Quod
796 1454 861 1495 non
886 1442 1047 1515 repugnat
1064 1434 1098 1495 li-

132 1536 295 1598 mitationi
319 1548 485 1611 creaturae,
511 1559 575 1600 non
600 1549 761 1621 repugnat
792 1540 979 1621 simpliciter
1010 1562 1097 1605 crea-

131 1652 234 1717 turae3
260 1644 317 1705 sed
341 1664 548 1727 quaecunque
581 1646 711 1708 duratio
735 1667 800 1708 non
832 1656 992 1728 repugnat
1017 1647 1097 1709 limi-

131 1750 248 1812 tationi
273 1760 439 1825 creaturae‚
473 1752 550 1834 quia
581 1773 645 1814 non
677 1762 725 1815 est
757 1752 975 1835 imperfectius
1005 1755 1095 1835 quod

130 1858 230 1919 durat
254 1877 312 1937 per
336 1878 438 1919 unum
470 1860 566 1933 diem,
598 1880 700 1941 quam
732 1861 822 1941 quod
845 1861 941 1922 durat
972 1881 1028 1942 per
1058 1878 1095 1922 1o

130 1984 246 2036 annos
270 1985 312 2025 ex
338 1980 365 2041 3.
391 1962 500 2026 Etlcic.

205 2068 339 2144 Quarto,
364 2082 395 2132 et
430 2071 555 2144 ultimo,
591 2083 738 2134 creatura
761 2073 805 2134 ita
835 2073 938 2135 tendit
969 2074 1001 2135 in
1032 2094 1097 2135 non

130 2197 202 2238 esse
225 2186 387 2258 quantum
413 2187 460 2239 est
483 2198 525 2239 ex
542 2199 575 2239 se
599 2178 623 2239 si
641 2200 768 2260 semper
783 2189 865 2241 esset
889 2181 970 2241 sicut
987 2181 1012 2242 si
1029 2201 1094 2242 non

130 2304 260 2364 semper
277 2293 369 2356 esset,
387 2284 463 2366 quia
486 2305 528 2345 ex
545 2284 654 2349 nihilo.
681 2285 745 2348 Sed
761 2286 884 2367 absque
900 2286 1007 2367 aliqua
1023 2307 1097 2348 con-

131 2390 325 2451 tradictione
357 2400 462 2471 potest
490 2391 597 2472 aliqua
628 2402 774 2454 creatura
805 2413 932 2473 semper
964 2393 1095 2454 tendere

131 2497 165 2558 in
190 2517 255 2558 non
281 2517 361 2569 esse,
386 2507 418 2559 et
442 2508 552 2559 tamen
577 2519 704 2579 semper
727 2520 804 2572 esse,
830 2499 911 2561 sicut
943 2509 1031 2580 patet
1055 2500 1095 2560 de

132 2605 253 2685 angelo
277 2613 311 2665 et
334 2604 462 2679 anima;
487 2622 566 2689 ergo
582 2605 705 2686 absque
721 2606 974 2668 contradictione
990 2616 1096 2687 potest

129 2719 278 2771 creatura
302 2730 429 2791 semper
453 2710 558 2785 fuisse,
590 2721 623 2773 et
646 2721 757 2774 tamen
787 2722 947 2794 quantum
979 2723 1027 2775 est
1051 2734 1093 2775 ex

130 2838 166 2878 se
189 2817 341 2879 habuisse
365 2838 429 2879 non
453 2838 531 2880 esse.

198 3029 402 3096 Secundo
433 3042 562 3112 oportet
590 3032 695 3093 dicere
722 3033 763 3093 ad
797 3031 1021 3112 Quaestionem
1050 3055 1094 3095 se-

130 3138 276 3199 cundum
302 3138 481 3211 veritatem,
506 3148 539 3199 et
562 3139 701 3200 rationes
725 3160 784 3219 pro
812 3140 872 3200 ista
895 3141 1041 3220 sequenti
1063 3163 1094 3201 o-

131 3244 271 3327 pinione,
296 3264 372 3325 quae
403 3244 590 3325 improbant
621 3246 861 3325 praecedentem
893 3246 1091 3327 opinionem.

131 3351 215 3412 Dico
238 3350 326 3412 enim
344 3351 433 3432 quod
458 3350 535 3412 nihil
551 3351 638 3412 aliud
655 3372 675 3412 a
699 3352 771 3413 Deo
787 3361 894 3432 potest
917 3374 985 3415 esse
1001 3363 1094 3414 aeter-

130 3477 209 3518 num
234 3458 285 3518 vel
310 3456 379 3518 sine
404 3456 561 3537 principio
585 3457 772 3529 durationis,
798 3458 873 3538 quia
905 3459 967 3520 hoc
991 3459 1094 3539 impli-

131 3573 185 3624 cat
206 3562 509 3625 contradictionem.

196 3670 290 3733 Hanc
315 3679 427 3731 autem
452 3670 701 3733 Conclusionem
726 3670 844 3750 probat
873 3671 1030 3733 Henricus
1054 3672 1094 3733 de

988 3801 1002 3840 2
