2634 4267
234 240 299 301 300
486 224 559 286 Lm.
585 224 614 286 ΙΙ
639 224 934 287 Snurnnrmnun

202 429 352 511 arguitur
375 429 417 491 de
432 429 539 509 specie
563 437 710 510 respectu
727 429 909 490 intellectus
933 430 980 491 tui
1003 438 1035 491 et
1061 430 1124 491 mei
1141 430 1174 491 in

206 534 259 596 illo
283 544 489 617 argumento
514 536 559 597 ita
582 536 730 617 arguitur
755 536 785 597 in
811 536 990 616 proposito
1015 573 1059 580 —
1083 537 1176 599 Dicit

206 643 258 705 hic
282 642 435 724 AEgidius
459 643 494 703 in
518 652 611 704 tract.
647 642 686 703 de
709 642 835 704 unitate
870 643 1050 704 intellectus
1081 644 1175 723 quod

205 750 394 831 oppositum
420 770 484 811 non
509 750 604 821 valet,
629 750 706 830 quia
730 750 852 831 species
868 750 900 810 in
925 750 1089 811 intellectu
1116 750 1175 811 ho·

207 857 302 918 minis
325 865 356 917 et
381 856 602 937 intelligentiae
626 865 702 917 sunt
719 856 849 918 alterius
874 858 1024 933 rationis;
1050 857 1175 938 species

203 974 315 1026 autem
340 984 415 1044 quae
439 972 515 1023 sunt
538 963 571 1024 in
588 963 750 1024 intellectu
775 984 850 1024 meo
866 973 899 1024 et
922 973 990 1037 tuo,
1015 974 1092 1025 sunt
1106 964 1175 1045 eju·

206 1072 298 1133 sdem
323 1070 462 1132 rationis.
487 1105 532 1116 —
556 1070 631 1150 Ego
655 1078 765 1131 autem
790 1078 886 1131 teneo
923 1071 1064 1151 primam
1089 1071 1175 1133 solu-

205 1177 338 1249 tionem,
363 1186 395 1237 et
419 1177 492 1238 dico
508 1177 597 1257 quod
621 1176 740 1237 solutio
757 1176 879 1257 AEgidii
905 1197 970 1237 non
988 1178 1082 1251 valet,
1101 1199 1177 1258 pec-

206 1293 257 1347 cat
272 1284 358 1345 enirn
376 1304 433 1364 per
457 1281 615 1344 fallaciam
626 1283 795 1363 petitioni
812 1283 988 1364 princzpii,
1018 1285 1101 1346 sicut
1117 1306 1175 1365 pa·

206 1400 252 1453 tet
276 1391 412 1453 intuenti
436 1391 549 1470 ipsam.

271 1499 332 1559 Ao
349 1510 492 1559 amnon
528 1510 744 1557 numerumn
768 1517 854 1578 nego
891 1498 1058 1572 minorem,
1085 1499 1172 1560 sicut

207 1606 321 1666 meiius
356 1603 460 1685 patuit
492 1602 579 1664 Dist.
601 1620 634 1679 j.
665 1602 784 1677 Quoest.
818 1603 940 1665 Utrum
969 1605 1079 1685 plures
1104 1606 1176 1667 An-

205 1712 269 1793 geli
294 1718 430 1791 possunt
453 1730 522 1771 esse
545 1709 606 1771 sub
630 1710 745 1771 eadem
770 1710 886 1791 specie.

273 1818 331 1879 Ad
350 1817 525 1879 secundum
549 1836 635 1898 nego
659 1816 824 1897 majorem,
853 1817 930 1897 quia
954 1818 1175 1881 individuatio

206 1947 265 1988 nec
289 1924 326 1986 fit
342 1945 398 2004 per
421 1923 636 2004 quantitatem
654 1943 713 1984 nec
737 1942 794 2003 per
812 1924 991 1998 materiam,
1018 1925 1104 1986 sicut
1120 1946 1175 2006 pa-

207 2032 269 2095 tuit
292 2031 378 2092 Dist.
401 2049 434 2108 j.
464 2029 583 2104 Qucest.
607 2029 647 2090 de
671 2028 945 2092 z'ndz'viduatione.

273 2138 331 2198 Ad
352 2138 483 2199 tertium
514 2136 588 2197 dico
612 2136 702 2216 quod
726 2135 769 2197 ibi
806 2156 871 2197 non
896 2146 946 2198 est
970 2158 1068 2199 causa
1094 2147 1175 2200 tota-

207 2245 253 2318 lis,
278 2245 334 2306 sed
358 2264 528 2307 concausa.

274 2352 332 2412 Ad
345 2350 498 2412 ultimum
517 2368 602 2429 nego
619 2348 787 2421 rm'norem,
805 2349 895 2429 quod
912 2357 1003 2430 patet
1027 2372 1086 2431 per
1103 2351 1175 2413 Phi-

207 2457 382 2538 losophum
415 2456 449 2518 iu
474 2455 613 2535 Prologo
649 2453 704 2517 lib.
729 2455 768 2515 de
791 2455 917 2528 anima,
954 2455 1011 2517 ubi
1036 2458 1170 2537 quaerit:

204 2573 317 2626 utrum
334 2564 443 2625 anima
460 2562 578 2623 habeat
601 2560 744 2640 aliquam
763 2563 928 2642 propriam
946 2564 1169 2643 operationem

206 2691 307 2751 quam
332 2690 397 2731 non
414 2668 635 2732 communicet
658 2668 797 2748 corpori.
817 2668 860 2729 Et
883 2668 962 2729 dicit
985 2671 1079 2749 quod
1095 2691 1169 2743 non,

203 2786 239 2839 et
262 2774 481 2857 exemplificat
506 2774 625 2835 ibidem
650 2774 691 2834 de
714 2774 899 2856 intelligere,
924 2784 984 2837 etc.

640 3107 741 3462 t
