2634 4267
259 270 324 348 296
521 268 596 333 Lm.
626 269 655 331 11
681 268 975 333 Ssnr‘nurrnnuru

256 475 300 538 tia
325 474 479 549 materiae,
503 485 537 537 et
560 483 772 537 numerantur
795 482 827 534 et
850 474 1072 535 extenduntur
1093 473 1129 533 ad
1153 493 1201 533 nu·

257 582 470 644 merationem
494 593 526 644 et
549 582 775 644 extensionem
799 580 945 659 subjecti.

323 689 373 750 De
396 689 542 760 secundo,
569 698 647 751 nota
672 696 831 769 quantum
849 687 891 749 ad
916 708 1059 767 praesens
1081 686 1161 768 quod
1175 686 1202 745 in

254 796 383 857 duobus
418 795 570 857 differunt
606 803 721 857 natura
755 794 931 873 corporalis
966 804 999 855 et
1033 780 1201 874 spiritualis:

253 902 378 974 Prima,
396 903 485 983 quod
502 910 617 963 natura
633 900 806 981 spiritualis
822 908 931 980 potest
948 900 1043 961 simul
1059 920 1122 961 esse
1136 920 1202 960 cum

254 1018 370 1070 natura
385 1007 542 1089 corporali
556 1008 680 1087 absque
690 1006 751 1068 hoc
760 1006 851 1087 quod
864 1015 981 1068 natura
990 1006 1155 1087 corporalis
1163 1026 1204 1067 ce-

250 1115 310 1176 dat
322 1116 367 1188 ei;
389 1123 506 1176 natura
519 1134 596 1176 vero
606 1112 781 1193 corporalis
791 1113 885 1174 simul
899 1133 974 1174 cum
986 1113 1203 1194 corporaliesse

254 1241 320 1283 non
334 1229 451 1302 potest.
466 1258 507 1265 —
523 1220 679 1291 Secundo,
696 1219 786 1299 quod
800 1228 915 1281 natura
928 1219 1098 1301 spiritualis
1110 1228 1202 1299 potest

253 1349 322 1391 esse
338 1328 432 1389 simui
450 1337 483 1388 et
506 1328 604 1389 semei
622 1326 653 1388 in
679 1326 823 1399 diversis
841 1326 921 1387 dum
947 1336 1058 1389 tamen
1082 1327 1143 1407 ipsa
1158 1324 1203 1385 ha-

255 1435 353 1496 beant
377 1434 524 1496 ordinem
549 1435 590 1495 ad
614 1433 746 1514 aliquod
764 1453 876 1505 unum,
903 1432 986 1494 sicut
1011 1442 1098 1514 patet
1120 1433 1155 1493 de
1175 1452 1203 1491 a·

256 1542 344 1603 nima
367 1562 443 1621 quae
467 1550 516 1601 est
539 1540 570 1601 in
595 1539 728 1601 diversis
745 1539 891 1619 partibus
915 1540 1070 1620 corporis.
1094 1540 1203 1600 Natura

255 1668 332 1709 vero
355 1646 530 1727 corporalis
554 1646 616 1708 hoc
640 1666 706 1708 non
731 1654 839 1726 potest
863 1646 921 1706 nisi
935 1667 992 1726 per
1018 1646 1202 1708 miraculum.

255 1754 289 1817 Si
305 1774 384 1834 ergo
407 1753 481 1815 dico
497 1753 586 1833 quod
610 1753 688 1833 quia
702 1752 824 1832 species
844 1773 918 1832 quae
936 1762 984 1813 est
1009 1754 1041 1814 in
1059 1753 1201 1814 intellectu

255 1860 353 1920 habet
377 1879 445 1920 esse
469 1859 687 1931 intentionale‚
713 1867 820 1938 potest
837 1858 932 1920 simul
957 1880 1026 1920 esse
1051 1860 1082 1920 in
1105 1857 1202 1938 imagi·
1282 1914 1283 1921 ,

255 1966 395 2036 natione,
420 1974 456 2027 ut
480 1975 569 2047 patet
600 1966 773 2046 exprimo
808 1965 906 2029 dicto,
945 1966 1110 2048 Amplius
1139 1964 1202 2045 quia
1282 1936 1283 1969 ³

256 2074 437 2134 intellectus
460 2082 508 2134 est
531 2072 610 2153 quid
634 2068 808 2153 spirituale,
835 2079 942 2153 potest
967 2072 1112 2153 pluribus
1133 2069 1201 2132 uniri

254 2200 321 2241 non
346 2200 402 2259 per
427 2179 702 2260 informationem,
728 2187 764 2239 ut
788 2179 985 2259 imaginatur
1011 2180 1203 2243 Commenta·

254 2295 315 2359 tor,
340 2287 396 2347 sed
420 2307 477 2367 per
500 2287 667 2367 quandam
693 2286 842 2347 unionem
867 2307 932 2366 qua
965 2287 1140 2348 intellectus
1160 2304 1201 2345 co·

257 2394 387 2474 putatur
404 2392 626 2475 imaginationi
644 2413 700 2473 per
725 2392 874 2473 speciem.
901 2392 945 2453 Et
962 2393 1024 2455 isto
1049 2394 1143 2454 modo
1154 2411 1200 2472 po·
1281 2390 1282 2412 ¹

254 2501 317 2562 suit
334 2500 582 2562 Commentator
598 2520 701 2560 unum
718 2500 916 2561 intellectum
942 2520 1079 2561 numero
1103 2501 1131 2561 in
1146 2518 1200 2559 om-

255 2607 360 2667 nibus.

330 2820 554 2905 Quantum
579 2821 644 2885 ad
663 2821 842 2885 tertium
866 2820 1117 2887 Articulum
1139 2826 1200 2880 sunt
1226 2872 1228 2876 .
1279 2874 1280 2883 2

256 2937 369 2989 contra
394 2926 697 2990 Commentatorem
729 2936 804 2990 octo
840 2928 1045 2991 difficultates
1079 2944 1199 3009 quarum

254 3044 395 3115 quatuor
419 3034 557 3114 ipsemet
580 3043 693 3095 contra
717 3055 750 3095 se
768 3043 877 3096 movet
897 3053 930 3114 3.
956 3036 996 3097 de
1018 3036 1145 3097 Am'ma.
1161 3030 1201 3092 A·

254 3140 304 3202 liae
329 3149 445 3201 sunta
470 3140 670 3202 Ductoribus
694 3142 858 3203 modernis
881 3141 986 3204 factae.

321 3247 435 3308 Primo
458 3247 519 3308 sic:
545 3248 679 3327 quando
703 3248 811 3329 aliqua
828 3247 950 3310 habent
974 3270 1073 3311 unam
1096 3256 1125 3309 et
1139 3264 1199 3307 ean-

254 3355 329 3416 dem
347 3352 576 3435 perfectionem
595 3354 745 3435 primam,
771 3354 892 3416 habent
909 3365 941 3417 et
957 3356 1127 3418 secundam
1142 3372 1198 3433 per-

254 3459 426 3523 fectionem
450 3460 605 3539 eandem3
630 3461 686 3521 sed
701 3481 767 3541 -per
791 3470 833 3539 te,
857 3482 973 3523 omnes
998 3463 1137 3525 homines
1151 3458 1197 3519 ha·
1277 3494 1278 3523 r

231 3567 332 3628 bent
357 3586 456 3627 unam
482 3564 712 3646 perfectionem
749 3567 889 3648 primam
913 3570 1062 3642 eandem,
1097 3566 1196 3629 scilicet

254 3672 471 3745 intellectum;
496 3692 574 3751 ergo
598 3672 742 3732 similiter
756 3673 923 3735 habebunt
936 3676 1074 3737 eandem
1097 3669 1195 3755 perfec-
