2634 4267
272 258 334 319 160
530 254 604 316 Lm.
629 254 659 316 ΙΙ
684 253 980 318 Sansanmnnun

244 471 351 543 potest
368 470 404 524 ut
416 480 512 523 causa
528 459 679 542 partialis
694 469 729 521 ut
745 460 869 523 dictum
886 469 934 522 est
950 461 983 523 in
1001 459 1182 541 Quaestione:

249 568 364 631 Utrum
388 567 526 649 angelus
548 577 717 649 cognoscat
729 588 762 629 se
779 577 841 648 per
855 588 950 629 suam
974 568 1140 630 essentiam.

309 675 368 736 Ad
388 674 519 736 tertium
542 674 688 736 concedo
711 674 801 755 quod
833 676 970 755 angelus
1000 695 1073 736 cum
1094 674 1129 736 sit
1141 694 1184 734 na·

243 790 317 843 tura
340 781 484 842 medium
519 780 601 842 inter
637 782 747 842 Deum
767 789 800 842 et
824 780 1003 855 hominem,
1035 780 1124 842 habet
1143 779 1187 840 ali-

243 908 344 968 quam
369 886 517 949 notitiam
541 907 641 967 quam
666 906 732 948 non
748 886 867 968 accipit
889 908 908 947 a
932 887 1037 961 rebus,
1062 887 1134 948 sicut
1146 894 1187 947 est

244 993 358 1056 notitia
382 993 619 1056 universalium.

585 1190 762 1271 Qunsno
792 1189 865 1252 Vll.

316 1350 446 1421 Ultimo,
473 1358 632 1431 quantiam
648 1350 697 1412 ad
710 1351 882 1412 rnatere'um
898 1351 938 1412 de
952 1351 1134 1433 atrgelorum
1146 1367 1186 1408 ce-

238 1457 400 1539 gnitz'one,
427 1477 556 1538 quero:

296 1615 401 1670 Utrum
420 1614 450 1668 ln
470 1616 551 1682 parte
569 1613 744 1670 lntelleotlva
763 1615 887 1682 ponatur
904 1615 1010 1683 sperles
1028 1615 1136 1683 propter
1150 1625 1188 1679 po·

241 1704 447 1760 tentlalltatem
464 1703 627 1758 Intellectus
646 1703 689 1759 vel
708 1706 824 1772 propter
842 1703 1003 1759 absentiam
1022 1702 1127 1774 objecti.

311 1848 410 1928 Quod
435 1858 575 1929 ponatur
610 1858 741 1929 propter
773 1849 1044 1930 potentialitatem
1068 1847 1187 1910 intellec·

242 1964 295 2018 tus
319 1954 474 2037 probatur
497 1955 558 2016 sic:
575 1955 680 2036 qualis
696 1965 745 2016 est
761 1955 928 2036 proportio
945 1976 1057 2018 sensus
1080 1956 1119 2016 ad
1130 1974 1189 2015 sen-

242 2062 332 2124 sibile
357 2062 519 2124 mediante
542 2062 647 2142 specie
664 2061 814 2134 sensibili,
828 2063 943 2123 eadem
967 2072 1016 2124 est
1040 2061 1191 2143 proportio

241 2168 421 2231 intellectus
444 2169 487 2229 ad
510 2168 708 2249 intelligibile
733 2169 896 2230 mediante
919 2169 1027 2250 specie
1051 2169 1094 2230 rei
1117 2167 1192 2230 intel-

244 2275 388 2356 ligibilis;
412 2277 468 2338 sed
493 2276 614 2356 species
637 2276 809 2356 requiritur
827 2275 858 2336 in
883 2296 977 2337 sensu
1003 2285 1132 2357 propter
1146 2295 1190 2356 po·

241 2382 466 2443 tentialitatem
483 2383 637 2462 potentiae
654 2391 688 2443 et
711 2402 776 2444 non
794 2392 925 2463 propter
942 2383 1121 2444 absentiam
1143 2381 1191 2442 ob-

239 2487 326 2568 jecti,
351 2488 427 2568 quia
443 2497 602 2568 praesente
629 2488 768 2550 sensibili
792 2508 903 2549 sensus
930 2487 1192 2568 informaturspe-

242 2594 300 2666 cie,
325 2594 407 2655 sicut
430 2602 519 2675 patet
542 2595 583 2655 de
607 2595 694 2668 visu;
719 2615 808 2676 ergo,

310 2701 350 2761 lu
374 2702 574 2762 centrarium
603 2701 758 2783 arguitur,
791 2701 867 2782 quia
891 2701 986 2763 unius
1010 2699 1193 2782 operationis

242 2816 291 2867 est
315 2827 416 2868 unum
442 2807 634 2888 principium
651 2828 708 2888 per
731 2828 782 2884 se;
808 2807 864 2868 sed
880 2807 1055 2870 intellectio
1078 2817 1125 2870 est
1140 2826 1193 2868 una

241 2913 327 2974 actio
351 2914 400 2974 vel
425 2913 587 2994 operatio;
604 2935 683 2995 ergo
700 2913 799 2976 habet
816 2934 919 2976 unum
936 2914 1130 2995 principium
1145 2932 1193 2994 per
1285 2929 1286 2942 ²

242 3039 286 3080 se.
312 3019 377 3081 Sed
400 3040 443 3080 ex
467 3020 629 3081 intellectu
646 3029 679 3082 et
696 3021 801 3101 specie
825 3041 891 3082 non
915 3018 952 3082 fit
969 3041 1073 3082 unum
1090 3038 1191 3103 perse,

242 3125 345 3186 immo
370 3147 472 3187 unum
497 3147 553 3207 per
576 3127 742 3203 accidens;
767 3147 846 3208 ergo
871 3127 992 3207 species
1016 3148 1082 3189 non
1106 3124 1193 3206 requi-

242 3231 322 3292 ritur
346 3231 377 3292 in
403 3232 564 3295 intellectu
590 3242 626 3294 ut
651 3233 771 3294 mediet
795 3234 876 3295 inter
905 3233 1086 3314 potentiam
1108 3242 1139 3295 et
1152 3251 1193 3292 ac·

242 3347 314 3399 tum
339 3348 497 3420 tanquam
521 3339 717 3421 principium
742 3340 831 3402 istius
855 3350 954 3402 actus

311 3445 536 3507 RESPONSIO:
562 3446 613 3507 hic
629 3454 705 3507 sunt
722 3447 788 3507 duo
803 3446 953 3508 Articuli.
971 3447 1096 3519 Primo,
1123 3445 1145 3507 si
1164 3443 1190 3504 in

243 3550 408 3611 intellectu
433 3559 481 3612 est
505 3553 657 3632 ponenda
681 3552 811 3633 species.
839 3553 993 3626 Secunde,
1023 3554 1099 3615 dato
1115 3548 1189 3632 quod

242 3655 298 3728 sic,
322 3657 382 3717 erit
405 3657 582 3718 videndum
606 3659 648 3719 de
672 3658 839 3740 principali
864 3660 1042 3741 proposito
