2634 4267
315 243 503 306 Drsmucr.
528 244 573 306 111
598 243 744 326 Qumsr.
771 247 819 308 IV
1005 263 1064 328 137

139 510 143 522 ,
183 448 248 510 Ad
256 448 477 511 tertiumdico
489 451 578 530 quod
591 451 761 514 relationes
773 451 814 514 de
830 452 973 515 secundo
987 453 1087 516 modo

105 556 343 628 relativorum,
375 557 529 637 qnaedam
553 567 629 619 sunt
664 578 771 620 causae
797 565 829 620 et
854 559 986 634 causati,
1010 581 1086 642 quae

104 672 194 724 sunt
218 662 500 743 incompossibiles
523 663 727 745 simpliciter;
745 665 899 746 quaedam
924 673 999 728 sunt
1015 687 1087 747 pro-

103 768 271 831 ducentis
294 778 326 830 et
350 770 510 850 producti,
542 777 575 832 et
602 771 674 832 istae
710 781 785 833 sunt
808 771 1087 854 incompossibiles

105 875 146 936 in
172 876 297 937 eodem
328 877 507 957 supposito,
532 897 598 938 non
629 886 740 940 autem
764 878 796 940 in
820 879 935 940 eadem
961 888 1085 954 natura,

103 982 256 1063 quando
280 990 396 1044 natura
419 989 467 1044 est
490 983 648 1046 illimitata
665 984 861 1066 simpliciter,
887 985 970 1048 sicut
995 995 1086 1067 patet

106 1089 147 1150 in
173 1089 269 1163 Deo;
294 1089 449 1169 quaedam
465 1097 540 1151 sunt
564 1091 734 1154 relationes
760 1092 920 1155 moventis
943 1102 976 1154 et
993 1093 1084 1166 moti,

106 1204 148 1258 et
172 1195 255 1276 quia
279 1195 312 1256 in
336 1195 388 1257 illa
412 1196 565 1258 relatione
588 1218 653 1260 non
678 1208 727 1260 est
742 1198 958 1280 dependentia
981 1219 1085 1261 essen·

107 1302 212 1375 tialis‚
238 1301 313 1364 ideo
330 1301 517 1382 hujusmodi
541 1303 711 1377 relationes
734 1325 800 1368 non
817 1315 1002 1387 repugnant
1025 1326 1084 1368 nec

108 1408 147 1470 in
172 1409 293 1471 eadem
319 1418 443 1482 natura,
468 1409 582 1472 necin
606 1411 723 1472 eodem
748 1411 926 1493 supposito.

187 1511 225 1582 T
217 1513 316 1584 ertia
339 1513 468 1600 opinio
491 1537 557 1578 non
574 1517 709 1580 adducit
732 1525 926 1600 argumenta
950 1519 992 1580 ad
1008 1538 1083 1600 quae

108 1631 271 1706 oporteat
295 1623 499 1704 respondere.

183 1725 254 1796 Aa
273 1727 512 1796 auctoritates
534 1732 680 1814 quarta
702 1728 907 1816 opinionis,
932 1732 973 1794 de
996 1731 1083 1792 simi-

110 1836 310 1898 litudinibus
334 1835 618 1910 Commentatoris,
636 1837 811 1918 dicoquod
836 1858 901 1900 non
925 1849 1000 1901 sunt
1016 1858 1083 1900 om-

110 1943 254 2004 nimode
277 1943 404 2017 similes,
429 1943 485 2004 sed
516 1944 678 2024 aliquales.
712 1945 773 2006 Est
796 1945 882 2006 enim
906 1945 1082 2008 similitudo

109 2059 282 2131 quantum
306 2050 349 2111 ad
372 2050 601 2132 receptionem,
626 2071 692 2112 non
717 2060 826 2113 autem
855 2061 1015 2134 quantum
1040 2052 1082 2114 ad

109 2156 293 2218 actionem.

184 2263 246 2325 Aa
259 2263 407 2343 primam
438 2264 661 2326 auctoritatem
697 2263 883 2342 Aristotelis
906 2285 980 2345 quae
1006 2263 1080 2327 facit

112 2368 225 2450 magis
249 2369 385 2431 dubium
410 2370 522 2432 dicunt
545 2371 643 2453 aliqui
669 2371 868 2433 intellectum
893 2371 1079 2452 possibilem

109 2495 188 2537 esse
209 2496 327 2556 puram
359 2477 549 2557 potentiam.
580 2513 625 2523 -
661 2474 791 2549 Contra,
831 2499 912 2559 pura
936 2478 1080 2559 potentia

111 2603 184 2644 non
207 2591 257 2644 est
280 2583 442 2664 receptiva
464 2583 656 2662 accidentis3
681 2584 737 2645 sed
761 2583 942 2647 intellectus
966 2585 1079 2666 recipit

110 2689 258 2770 species;
282 2710 371 2771 ergo.
396 2689 473 2751 Ideo
508 2689 582 2752 dico
605 2690 695 2770 quod
726 2691 906 2754 intellectus
929 2701 977 2753 est
1002 2691 1078 2753 nihil

110 2815 232 2857 eorum
256 2816 331 2877 quae
355 2805 431 2858 sunt
453 2805 528 2858 ante
552 2796 739 2877 intelligere,
764 2797 846 2858 idest
869 2818 935 2859 non
959 2807 1007 2859 est
1031 2798 1078 2859 in-

111 2901 296 2963 tellectivus
319 2902 368 2964 sui
391 2912 466 2964 ante
500 2903 750 2965 intellectionem
782 2902 917 2984 alicujus
941 2903 1079 2985 phanta-

110 3008 243 3082 stabilis,
268 3009 345 3090 quia
361 3008 438 3070 nihil
462 3009 672 3090 intelligimus
688 3010 756 3071 sine
772 3009 1016 3091 phantasmate.
1034 3047 1079 3057 -

112 3115 175 3177 Ad
187 3115 336 3195 primam
355 3115 576 3196 probationem
600 3115 674 3177 dico
698 3117 788 3196 quod
817 3117 1078 3178 indeterminatio

111 3231 163 3283 est
186 3222 321 3303 dupleX,
346 3222 501 3303 quaedam
525 3222 681 3302 potentiae
698 3223 824 3297 activae,
849 3223 1004 3303 quaedam
1021 3244 1079 3304 po·

111 3329 225 3391 tentiae
249 3328 397 3410 passivae.
422 3328 531 3391 Primo
548 3329 647 3391 modo
663 3338 712 3391 est
735 3329 792 3402 sol,
817 3330 960 3391 secundo
977 3330 1078 3392 modo

110 3445 161 3497 est
186 3435 339 3515 materia;
375 3435 661 3497 indeterminatum
696 3445 807 3497 autem
843 3436 904 3498 isto
933 3437 1077 3498 secundo

112 3544 215 3605 modo
231 3550 363 3623 oportet
375 3541 580 3603 determinari
597 3563 653 3623 per
669 3542 767 3621 aliud,
780 3543 837 3603 sed
853 3542 959 3624 primo
977 3543 1076 3604 modo

111 3671 188 3724 non,
214 3658 248 3711 et
271 3648 344 3710 talis
367 3648 592 3711 determinatio
615 3649 774 3730 competit
802 3648 985 3710 intellectui.
