2634 4267
294 264 482 330 D1sr1ncr.
507 264 552 326 111
579 262 727 345 Qurssr.
751 263 799 326 IV
952 279 1004 342 -13
1011 277 1026 342 5

95 469 167 530 lectu
202 478 326 550 agente
348 468 391 530 ad
413 468 666 531 intellectionem
691 467 859 548 objectum
883 469 992 550 coagit
1019 478 1057 531 et·

94 595 150 637 non
179 596 197 637 e
228 595 400 648 converso,
435 575 646 657 intelligimus
679 575 766 636 enim
799 575 932 655 quando
962 576 1051 637 volu·

94 701 158 742 mus
178 702 221 743 ex
240 701 273 744 2.
302 683 343 744 de
357 682 483 744 Anima
492 705 508 755 ,·
532 691 604 743 tum
628 682 705 762 quia
727 676 907 744 intellectus
930 691 978 744 est
998 703 1051 744 ac·

92 788 208 862 tualior,
225 797 260 850 et
276 797 403 870 quanto
425 797 474 850 est
496 788 622 869 aliquid
651 788 821 862 actualius,
853 797 945 850 tanto
976 790 1051 851 acti-

92 893 165 956 vius.

151 1000 192 1063 Si
213 1023 291 1064 vero
307 1001 439 1085 objicias
462 1011 575 1064 contra
598 1001 659 1075 illa,
679 1001 803 1083 primo:
829 1002 861 1062 in
885 1001 989 1063 causis
1004 1022 1053 1080 es·¹

91 1107 256 1170 sentialiter
281 1107 437 1170 ordinatis
453 1117 567 1170 neutra
582 1118 632 1170 est
647 1108 804 1190 perfectio
827 1109 974 1193 alterius3
992 1110 1049 1171 serl

92 1213 204 1292 species
227 1225 279 1277 est
304 1214 456 1297 perfectio
471 1215 660 1288 intellectus
677 1216 754 1296 quia
769 1225 817 1277 est
833 1215 903 1295 ejus
926 1215 1047 1290 forma;

94 1339 164 1401 ergo
186 1341 255 1384 non
280 1322 443 1385 concurrit
466 1343 542 1384 cum
565 1343 605 1384 eo
629 1323 672 1384 ad
708 1322 969 1384 intellectionem.
994 1321 1050 1384 Se-

92 1428 187 1489 cundo
209 1429 275 1491 sic:
303 1428 397 1490 unius
431 1428 626 1510 operationis
661 1437 791 1510 oportet
826 1429 903 1490 dare
937 1449 993 1509 per
1016 1449 1050 1491 se

95 1534 188 1594 unum
224 1535 439 1617 principium
462 1536 519 1598 sed
554 1536 738 1597 intellectus
772 1544 804 1596 et
828 1535 950 1616 species
984 1536 1050 1597 sive

94 1639 251 1720 objectum
268 1641 398 1704 factum.
417 1663 474 1724 per
489 1643 639 1704 accidens
657 1661 778 1718 unum;
795 1663 874 1724 ergo
892 1662 957 1704 non
975 1651 1050 1704 sunt

95 1765 192 1808 causae
227 1749 464 1822 intellectionis,
496 1770 572 1830 quae
595 1758 644 1810 est
661 1743 733 1810 ⁴una
756 1749 902 1830 operatio
926 1769 982 1830 per
1006 1770 1048 1812 se.

95 1887 134 1898 —
153 1856 210 1917 Ad
223 1856 375 1936 primum
399 1857 473 1919 dico
503 1830 597 1937 *quod
620 1856 739 1918 accidit
773 1855 889 1937 speciei
914 1855 1050 1936 inquan-

97 1966 159 2020 tum
181 1973 231 2025 est
253 1965 357 2026 altera
379 1984 477 2025 causa
513 1963 655 2044 partialis
690 1983 766 2044 quae
791 1961 936 2044 perficiat
960 1962 1050 2023 intel-

97 2063 216 2142 lectum,
252 2071 338 2132 sicut
359 2071 384 2131 si
408 2069 530 2131 acuties
550 2069 670 2131 cultelli
695 2078 870 2150 poneretur
893 2069 925 2129 in
950 2089 1048 2130 manu

97 2173 133 2232 ad
154 2176 378 2250 scindendum,
413 2177 574 2238 accideret
610 2176 721 2238 manui
746 2175 817 2238 talis
840 2176 970 2238 acuties.
994 2175 1053 2236 Ad

97 2283 260 2346 secundum
285 2284 358 2346 dico
381 2284 470 2364 quod
495 2284 590 2345 unius
612 2283 809 2365 operationis
831 2292 880 2344 est
904 2303 969 2344 una
992 2303 1049 2364 per

98 2403 127 2445 se
146 2407 239 2453 causa
263 2390 296 2452 in
320 2411 379 2452 suo
402 2391 525 2463 ordine,
550 2390 634 2453 sicut
657 2391 757 2452 etiam
790 2390 890 2452 homo
915 2399 1049 2470 generat

99 2488 266 2570 hominem,
297 2506 329 2559 et
352 2498 409 2570 sol,
441 2507 473 2560 et
496 2498 558 2559 illae
593 2498 669 2559 duae
694 2517 800 2558 causae
836 2517 902 2558 non
927 2495 1049 2558 faciunt

98 2617 190 2663 unum
214 2604 274 2666 nisi
299 2604 420 2666 unitate
450 2604 580 2678 ordinis,
604 2604 763 2684 quaelibet
797 2613 909 2665 tamen
934 2603 966 2665 in
990 2624 1050 2664 suo

99 2707 199 2771 ordine
221 2711 376 2772 causandi
399 2719 447 2773 est
471 2731 535 2772 una
559 2711 759 2791 simpliciter.

157 2812 219 2883 Ad
240 2819 470 2903 argumenta
494 2817 608 2898 primae
640 2817 801 2899 opinionis
836 2817 925 2878 istius
954 2815 1049 2897 primi

100 2915 238 2997 Articuli,
263 2923 407 2985 concedo
421 2915 520 3004 ‘quod
544 2944 662 3005 corpus
686 2944 751 2985 non
776 2931 883 3005 potest
905 2943 1001 3003 agere
1017 2923 1048 2984 in

99 3025 235 3104 spiritum
260 3039 298 3091 ut
321 3030 505 3110 principalis
528 3051 636 3092 causa.

156 3137 210 3198 Ad
230 3137 417 3208 secundum,
445 3138 589 3199 concedo
606 3138 696 3219 quod
720 3137 866 3218 operatio
881 3136 985 3197 vitalis
1000 3146 1051 3197 est

101 3256 117 3296 a
134 3242 288 3325 principio
311 3242 399 3304 vita'li
416 3253 485 3305 uta
509 3264 606 3305 causa
629 3243 807 3325 principali,
825 3243 880 3304 sed
897 3263 972 3304 cum
997 3242 1049 3304 illa

100 3351 249 3412 concurrit
272 3350 438 3430 objectum
463 3360 499 3413 ut
523 3351 713 3413 secundaria
737 3371 843 3411 causa.

156 3457 210 3520 Ad
235 3456 379 3528 tertium,
411 3436 484 3518 dico
510 3457 600 3537 quod
616 3457 762 3538 potentia
790 3455 983 3518 intellectiva
1006 3477 1048 3517 ex

101 3555 331 3640 imperfectione
348 3583 405 3622 sua
417 3563 584 3624 ordinatur
607 3564 649 3625 ad
674 3563 862 3624 habendum
883 3561 1049 3644 perlectio-

102 3683 163 3730 nem
177 3681 209 3732 et
233 3667 458 3752 operationem
490 3669 575 3730 circa
605 3679 713 3732 totum
738 3688 804 3742 ens,
829 3679 861 3730 et
884 3669 960 3749 quia
984 3689 1051 3748 non
