2634 4267
296 222 481 283 Disnntcn.
507 222 671 284 XXXVII
696 222 841 303 QuAEsu.
867 225 896 286 ΙΙ
1031 238 1094 303 405

152 337 304 345 —————

91 517 96 525 .
153 446 270 488 verum
294 436 342 489 est
370 428 411 488 de
444 448 483 489 eo
518 428 608 509 quod
644 428 743 489 habet
776 448 908 490 causam
940 428 1121 491 effectivam

153 542 187 595 et
210 554 277 597 non
302 532 512 603 defectivam:
537 544 707 616 peccatum
731 544 842 597 autem
866 535 965 598 habet
988 557 1121 598 causam

154 640 361 703 defectivam.

525 836 701 917 Qunssno
726 837 764 899 ΙΙ.

470 998 615 1061 Secundo
638 998 820 1079 quoeritur:

207 1157 317 1213 Utrum
334 1158 451 1211 eventus
469 1156 584 1211 fortuiti
601 1157 778 1211 reducantur
795 1156 825 1211 lu
852 1156 980 1225 aliquam
1000 1172 1117 1211 causum

152 1261 219 1314 quat
237 1245 276 1299 sit
294 1259 393 1299 eorum
411 1260 462 1313 per
480 1260 509 1299 se
527 1260 631 1299 causa.

222 1387 360 1453 Videtur
383 1392 473 1472 quod
497 1390 558 1453 sic:
583 1392 659 1471 quia
683 1411 781 1453 omne
813 1412 870 1472 per
904 1391 1053 1453 accidens
1076 1412 1121 1452 re

153 1498 285 1560 ducitur
308 1498 349 1559 ad
374 1518 431 1579 per
454 1499 585 1582 se;.sed
609 1497 739 1559 fortuna
762 1506 811 1559 est
840 1518 937 1560 causa
961 1518 1018 1579 per
1041 1498 1122 1559 acci-

153 1606 236 1668 dens
259 1626 300 1666 ex
322 1624 352 1669 2.
377 1603 506 1685 Plzys.,·
530 1624 618 1685 ergo.

227 1708 356 1774 Contra.
393 1710 537 1773 Effectus
572 1710 723 1773 fortuitus
757 1720 806 1773 est
836 1733 855 1772 a
889 1710 1035 1787 fortuna3
1064 1712 1121 1773 sed

153 1816 286 1880 fortuna
310 1827 358 1879 est
380 1839 477 1879 causa
501 1839 558 1899 per
580 1819 746 1891 accidens;
771 1839 860 1899 erge,

224 1926 456 1988 RESPONDEO.
482 1926 544 1986 Hic
567 1934 642 1986 sunt
665 1934 729 1987 tres
763 1926 898 1991 articuli.
923 1926 1038 1988 Primo
1065 1946 1121 2006 po

153 2040 277 2092 nuntur
300 2032 417 2112 aliquae
442 2020 609 2112 opiniones
644 2032 742 2093 falsae.
780 2032 925 2093 Secundo
952 2042 1121 2113 ponuntur

151 2138 272 2218 aliquae
296 2138 518 2200 conclusiones
549 2138 589 2199 de
624 2137 762 2200 fortuna.
794 2138 897 2200 Tertio
931 2138 1054 2200 dicetur
1077 2138 1120 2199 ad

152 2244 380 2325 quaestionem.
1004 2245 1006 2248 ’

228 2458 454 2542 Quantum
478 2461 541 2523 ad
556 2459 760 2541 priimum
796 2468 844 2520 est
874 2476 955 2525 una
985 2456 1115 2543 opinio

155 2586 231 2647 quae
256 2566 332 2627 dicit
355 2565 519 2627 fortunam
544 2586 602 2628 nec
625 2586 704 2640 esse,
728 2566 811 2627 sicut
845 2576 935 2646 patet
961 2585 991 2628 2.
1016 2565 1118 2647 Plzys.

147 2672 247 2751 cujus
271 2672 352 2733 ratio
375 2681 423 2733 est
435 2672 511 2754 quia
524 2672 633 2733 omnia
646 2692 721 2751 quae
734 2670 817 2733 fiunt
840 2671 963 2734 habent
986 2693 1118 2733 causam

154 2778 402 2839 determinatam
415 2779 511 2839 aliam
524 2799 543 2839 a
555 2777 701 2852 fortuna3
716 2799 795 2859 ergo
811 2777 928 2839 frustra
945 2787 1118 2859 poneretur

153 2884 293 2946 fortuna.
329 2885 480 2946 Probatio
514 2885 729 2946 antecedentis
752 2885 828 2964 quia
859 2885 884 2945 si
919 2886 1040 2946 vadens
1074 2885 1118 2947 ad

154 2990 261 3052 forum
285 2992 426 3052 inveniat
453 2991 620 3052 hominem
656 3012 716 3071 pro
751 3012 817 3071 quo
853 3012 918 3052 non
953 2991 1021 3052 ibat
1044 2991 1116 3053 talis

154 3099 297 3160 inventio
321 3119 339 3159 a
363 3097 492 3160 fortuna
515 3106 563 3159 est
586 3106 751 3159 ettamen
783 3118 880 3159 causa
903 3097 972 3177 ejus
994 3105 1042 3159 est
1066 3098 1119 3159 de·

104 3186 108 3193 ¹
154 3205 326 3266 terminata
350 3214 428 3285 puta
452 3205 602 3266 voluntas
625 3204 724 3266 eundi
746 3206 788 3266 ad
813 3203 930 3285 iorum.

226 3309 344 3374 Contra
368 3310 425 3372 lzoc
448 3310 594 3391 arguitur
618 3312 661 3372 ibi
685 3312 746 3372 sic:
771 3311 901 3372 fortuna
924 3319 973 3373 est
995 3310 1118 3391 aliquid

153 3426 210 3479 aut
234 3418 320 3479 nihil.
347 3417 380 3480 Si
411 3417 531 3497 aliquid
567 3418 705 3479 habetur
739 3417 954 3498 propositum,
979 3417 1003 3478 si
1039 3416 1117 3478 nihil

154 3532 233 3587 tunc
256 3524 372 3587 frustra
395 3543 433 3584 ea
457 3523 504 3584 usi
528 3523 658 3585 suerunt
678 3524 802 3605 antiqui
822 3522 1010 3603 Philosophi
1034 3524 1118 3585 sicut

151 3631 373 3713 Empedocles
397 3639 429 3706 et
453 3630 671 3691 Democritus·
950 3627 956 3639 '
