2634 4267
586 285 962 350 DISTINCT.
1010 285 1144 348 XV
1191 283 1485 368 QUAEST.
1536 286 1595 348 11
1947 287 2074 367 267

318 492 402 553 In
434 491 852 554 contrarium
884 500 980 554 est
1010 491 1445 574 Philosophus
1475 511 1535 555 Ι.
1568 500 1634 555 et
1677 511 1740 555 2.
1782 492 1861 554 de
1890 492 2125 555 anima

199 597 272 659 de
314 597 645 660 divisione
688 598 976 680 corporis
999 598 1317 661 annulosi.

321 706 765 769 RESPONSIO.
816 705 940 768 Hic
986 713 1140 768 sunt
1206 704 1564 787 opiniones·
1614 705 1769 769 Una
1836 713 1934 768 est
1978 704 2123 767 fun-

200 810 342 874 data
386 811 454 874 in
506 811 700 875 dictis
744 811 1025 874 Thomae
1072 812 1254 894 quod
1294 812 1564 894 quando
1611 811 1821 875 forma
1869 812 2130 894 respicit

198 924 403 979 totum
451 928 524 982 et
573 926 792 1001 partes
837 918 1197 982 secundum
1244 919 1523 982 eandem
1571 918 1908 993 rationem,
1957 918 2126 982 sicut

202 1033 369 1105 patet
400 1025 487 1088 de
520 1024 738 1088 forma
768 1025 953 1108 ignis,
986 1025 1131 1088 talis
1156 1024 1368 1088 forma
1399 1034 1496 1087 est
1526 1034 1832 1104 extensa3
1861 1025 2130 1107 quando

201 1150 345 1193 vero
368 1130 593 1195 forma
611 1153 743 1195 non
762 1133 1017 1214 respicit
1038 1139 1257 1195 totum
1282 1141 1349 1194 et
1367 1139 1582 1214 partes
1599 1132 1957 1195 secundum
1976 1152 2126 1194 ean·

206 1237 345 1301 dem
393 1239 743 1315 rationem,
777 1240 920 1302 talis
964 1239 1174 1303 forma
1208 1260 1340 1302 non
1387 1247 1483 1302 est
1513 1247 1802 1303 extensa.
1854 1239 1944 1301 Et
1975 1238 2128 1320 quia

206 1345 411 1407 anima
457 1346 770 1409 sensitiva
838 1355 934 1408 est
979 1345 1124 1409 talis
1193 1344 1425 1420 forma,
1474 1345 1620 1408 ideo
1691 1365 1824 1408 non
1870 1353 1967 1408 est
2012 1365 2128 1407 ex-

206 1459 393 1514 tensa.
421 1453 577 1515 Hoc
602 1451 1025 1516 confirmatur
1059 1473 1172 1534 per
1200 1452 1658 1535 Augustinum
1686 1452 1795 1515 lib.
1829 1452 1908 1514 de
1929 1472 2133 1532 quan-

212 1557 379 1621 titate
424 1560 698 1634 animae,
740 1560 850 1623 ubi
897 1559 1083 1642 ponit
1112 1559 1294 1641 quod
1342 1578 1494 1621 cum
1543 1558 1937 1621 vermiculus
1969 1578 2132 1640 pun-

210 1663 370 1744 gitur
414 1667 481 1729 in
531 1688 669 1730 una
714 1675 899 1750 parte
942 1666 1160 1729 statim
1209 1665 1475 1728 retrahit
1523 1684 1610 1740 se,
1646 1665 1826 1746 quod
1876 1685 2008 1727 non
2041 1685 2133 1726 es-

216 1779 302 1832 set
343 1794 574 1836 verum
625 1773 677 1836 si
708 1773 926 1836 anima
970 1772 1275 1835 sensitiva
1306 1781 1472 1835 esset
1518 1780 1809 1835 extensa.
1836 1809 1924 1817 —
1954 1771 2130 1835 Prae-

215 1886 391 1952 terea,
446 1881 697 1944 ibidem
744 1880 1163 1962 Augustinus
1206 1879 1363 1942 dicit
1407 1878 1588 1961 quod
1636 1878 1880 1960 species
1927 1877 2013 1940 rei
2046 1877 2135 1939 vi-

220 1982 401 2048 sibilis
445 1987 511 2050 in
562 1987 756 2050 oculo
803 2007 935 2050 non
980 1995 1077 2049 est
1120 1995 1410 2060 extensa,
1459 2004 1620 2068 ergo
1668 1984 1876 2046 multo
1927 1983 2136 2065 magis

220 2092 495 2170 potentia
543 2114 680 2157 non
726 2102 822 2156 est
868 2102 1156 2166 extensa,
1206 2092 1520 2174 quoniam
1586 2112 1720 2154 non
1771 2090 1980 2172 magis
2025 2111 2139 2153 ex-

224 2198 491 2261 tenditur
538 2199 840 2263 accidens
884 2220 1085 2281 quam
1133 2199 1524 2280 subjectum.

344 2304 589 2388 Opinio
660 2306 802 2369 haec
850 2327 982 2368 non
1050 2307 1263 2388 placet
1332 2305 1610 2368 Varroni
1658 2313 1722 2366 et
1770 2303 2123 2367 Richardo.

227 2407 530 2493 Arguunt
576 2414 753 2476 enim
798 2413 1021 2494 primo
1067 2412 1191 2475 sic:
1241 2412 1420 2493 quod
1469 2411 1848 2492 producitur
1897 2411 1978 2472 de
2023 2431 2136 2492 po-

227 2518 413 2581 tentia
456 2531 733 2584 extensa
802 2529 899 2583 est
945 2528 1332 2595 extensum;
1381 2518 1494 2581 sed
1562 2518 1779 2581 anima
1837 2517 2141 2579 sensitiva

229 2630 313 2683 est
355 2624 766 2707 hujusmodi;
814 2647 992 2709 ergo,
1031 2625 1322 2689 Secundo
1353 2625 1463 2700 sic,
1513 2625 1664 2707 quia
1697 2645 1849 2686 cum
1883 2624 2134 2706 anguil-

233 2725 303 2789 lae
338 2731 713 2797 dividuntur
758 2753 872 2816 per
932 2742 1167 2814 partes,
1217 2740 1557 2794 remanent
1596 2731 1905 2804 viventeS,
1956 2730 2138 2812 quod

234 2852 349 2897 non
380 2851 544 2905 esset
580 2861 806 2903 verum
856 2839 973 2902 nisi
1004 2839 1144 2920 ejus
1190 2839 1409 2901 anima
1441 2859 1556 2921 per
1587 2837 1971 2900 divisionem
2004 2858 2143 2899 cor-

236 2942 391 3020 poris
434 2948 859 3023 divideretur3
909 2946 1021 3009 sed
1054 2945 1208 3008 nihil
1257 2953 1473 3027 potest
1503 2943 1700 3007 dividi
1750 2943 1867 3006 nisi
1915 2953 2140 3006 exten-

238 3064 367 3111 sum
387 3073 401 3129 ;
446 3074 626 3138 ergo.

367 3156 497 3232 Qui
539 3161 690 3224 vult
732 3161 927 3224 istam
973 3159 1334 3241 opinionem
1380 3158 1727 3221 secundam
1773 3165 1991 3218 tenere
2024 3175 2142 3236 po-

242 3263 354 3323 test
381 3265 588 3331 dicere
619 3268 704 3330 ad
751 3275 1215 3350 argumentum
1248 3265 1508 3328 alterius
1539 3262 1862 3346 opinionis
1895 3263 1976 3324 de
2009 3283 2146 3323 ver-

248 3365 483 3449 micu10,
517 3375 699 3458 quod
745 3374 849 3436 illa
881 3373 1181 3436 attractio
1229 3393 1362 3435 non
1396 3381 1493 3434 est
1540 3392 1654 3453 per
1686 3370 1974 3432 animam
2008 3388 2143 3429 sen-

250 3469 480 3540 sitivam
525 3481 813 3565 praecise,
862 3481 974 3543 sed
1022 3501 1135 3563 per
1182 3478 1664 3561 colligationem
1728 3475 2006 3538 filorum.
2055 3510 2148 3523 —

250 3575 441 3646 Aliter
486 3595 701 3670 potest
768 3587 893 3650 dici
939 3587 1035 3649 ad
1061 3586 1361 3668 primum
1431 3594 1496 3647 et
1540 3583 1892 3647 secundum
1963 3580 2144 3662 quod
