2634 4267
309 262 497 325 Drsrmcr.
523 263 588 326 XX
612 261 763 344 Quasi.
788 210 817 326 Ι.
972 277 1035 345 307

87 478 179 531 mate
205 468 306 531 maris
317 476 350 531 et
365 467 509 544 seminae;
522 468 624 544 tertio,
640 469 674 531 in
690 478 814 550 quanto
832 478 980 550 tempore
996 467 1058 530 sor-

88 583 201 636 matur
220 574 323 651 fetus;
346 585 462 657 quarto
476 596 552 656 quae
569 576 717 637 membra
736 576 842 657 primo
858 574 1038 637 formantur
1048 596 1056 654 ;

84 681 216 761 quinto,
244 682 331 745 unde
354 691 504 744 causatur
526 690 617 745 tanta
632 682 799 745 diversitas
815 682 897 744 sicut
912 691 960 744 est
976 681 1057 744 inter

85 807 205 849 carnes
232 796 265 850 et
288 808 360 850 ossa
383 798 416 851 et
439 788 644 870 hujusmodi;
668 799 766 862 sextu,
799 789 839 851 de
873 788 1057 851 diversitate

90 894 240 975 partium
264 914 308 957 ex
331 914 370 957 eo
393 896 484 977 quod
506 896 624 977 aliquae
648 894 733 958 fiunt
756 896 788 957 in
813 894 927 976 majori
950 903 982 957 et
998 894 1060 955 mi-

90 1000 160 1061 nori
196 1009 367 1083 tempore;
403 1002 518 1065 ultimo
551 1003 593 1065 de
628 1022 725 1064 causa
760 1001 1002 1063 masculinitatis
1025 1009 1059 1064 et

87 1104 311 1170 semineitatis

159 1210 364 1299 Quantum
387 1212 442 1283 ad
457 1213 643 1301 primum,
668 1216 741 1278 dico
760 1236 835 1277 cum
849 1214 998 1277 Averroe
1022 1213 1058 1277 in

95 1318 250 1405 Colliget.
265 1344 331 1398 suo,
351 1325 442 1404 quod
457 1324 674 1406 praetermissa
688 1322 869 1404 digestione
892 1321 965 1395 oriS,
982 1329 1059 1384 sunt

90 1443 155 1498 tres
183 1438 394 1520 digestiones,
422 1439 541 1501 scilicet
576 1438 714 1520 digestio
748 1436 917 1510 stomachi,
956 1436 1059 1519 epatis
1148 1461 1152 1471 ·

89 1551 124 1603 et
145 1545 267 1607 cordis.
294 1546 354 1608 Est
376 1545 463 1608 enim
488 1566 543 1608 cor
566 1546 715 1627 princeps
742 1544 774 1605 in
809 1544 928 1605 virtute
962 1543 1060 1606 nutri·

92 1649 168 1724 tiva,
193 1661 228 1714 et
252 1652 286 1713 in
310 1652 372 1715 hoc
395 1653 464 1734 ipse
486 1651 704 1734 repraehendit
731 1650 893 1713 Galerium
921 1650 976 1731 qui
1001 1671 1059 1731 po-

94 1757 157 1819 suit
179 1759 274 1840 quod
299 1759 447 1842 princeps
474 1759 506 1821 in
537 1758 656 1821 virtute
691 1757 845 1819 nutritiva
867 1765 936 1819 erat
970 1776 1058 1839 epar.

96 1862 186 1927 Sicut
209 1866 299 1928 enim
335 1886 369 1928 se
403 1866 513 1927 habet·
535 1865 674 1947 digestio
702 1862 861 1926 stomachi
895 1863 937 1925 ad
972 1863 1060 1944 dige-

97 1970 234 2033 stionem
259 1973 372 2052 epatis,
408 1972 452 2035 ita
477 1950 623 2054 ¹digestio
646 1971 748 2053 epatis
778 1971 820 2032 ad
844 1969 1059 2051 digestionem

94 2078 209 2140 cordis
248 2078 495 2160 Superfluitates
528 2088 638 2140 autem
674 2077 862 2160 digestionis
900 2076 1059 2138 stomachi

95 2193 171 2245 sunt
197 2183 302 2263 seces;
330 2184 566 2267 superfluitates
597 2194 707 2247 autem
742 2182 930 2265 digestionis
957 2182 1060 2263 epatis
1130 2268 1131 2273 η

96 2300 171 2352 sunt
194 2293 317 2369 urinae3
341 2291 577 2374 superfluitates
600 2301 710 2353 autem
737 2289 925 2372 digestionis
953 2289 1075 2381 cordis·

99 2406 171 2474 post
209 2398 330 2461 factam
378 2399 563 2461 missionem
609 2397 820 2460 necessariam
859 2397 901 2457 ad
950 2394 1061 2457 omnia

98 2506 246 2567 membra
271 2514 416 2568 remanet
438 2494 638 2586 superfluum
663 2504 753 2585 quod
776 2502 892 2565 dicitur
915 2521 1037 2563 semen.

166 2607 366 2695 Quantum
378 2608 432 2679 ad
443 2612 647 2682 secundum
658 2619 707 2672 est
719 2610 829 2692 opinio
841 2607 965 2683 Galeni,
979 2607 1061 2669 sicut

101 2716 207 2780 recitat
231 2718 404 2782 Avicenna
427 2737 458 2801 9.
487 2719 525 2781 de
559 2717 770 2790 animalibus,
798 2716 888 2797 quod
911 2715 943 2776 in
976 2735 1062 2796 sper·

102 2832 184 2885 mate
207 2824 349 2888 femineo
372 2834 421 2894 est
442 2825 491 2886 vis
513 2824 619 2886 activa
641 2825 684 2886 ad
708 2822 936 2885 formationem
964 2818 1059 2895 fetus,

101 2931 187 3007 quod
210 2932 379 3014 probatur.

104 3088 108 3093 .
163 3037 280 3101 Primo
303 3038 364 3101 sic:
383 3038 502 3101 matrix
519 3038 617 3100 habet
632 3038 699 3099 vim
717 3037 931 3118 receptivam;
955 3056 1060 3097 exem·

97 3140 187 3218 plum
211 3147 252 3208 de
275 3145 328 3207 illa
350 3166 426 3226 quae
449 3154 580 3208 steterat
604 3166 680 3207 cum
701 3145 770 3206 viro
786 3143 875 3205 dedit
899 3162 1061 3224 magnum

103 3249 217 3313 saltum
241 3262 279 3316 ut
313 3253 474 3315 emitteret
509 3273 619 3314 semen
653 3272 694 3315 ne
728 3251 998 3333 impregnaretur,
1030 3256 1062 3310 et

107 3372 167 3418 non
189 3359 313 3440 potuit;
337 3360 394 3422 sed
418 3359 538 3422 matrix
561 3380 626 3421 non
662 3359 768 3422 solum
793 3357 891 3418 habet
925 3355 991 3417 vim
1017 3376 1062 3416 re-

104 3464 260 3542 ceptivam
284 3466 441 3529 retinendi
465 3487 575 3528 semen
599 3466 706 3539 maris,
731 3466 787 3527 sed
818 3464 916 3525 etiam
948 3481 1059 3523 semen

108 3572 277 3651 proprium.
303 3574 348 3635 Et
370 3582 448 3636 tunc
471 3593 584 3655 quaero
607 3573 649 3634 ad
666 3572 744 3653 quid
762 3571 884 3643 retinet,
902 3568 979 3649 quia
1004 3574 1063 3627 aut

108 3677 233 3750 praecise
256 3691 387 3762 propter
411 3679 580 3743 materiam
604 3677 697 3759 fetus
721 3689 754 3741 et
784 3678 847 3739 hoc
878 3695 953 3748 non,
983 3671 1063 3754 quia
