2634 4267
482 245 562 323 56
998 238 1145 306 L113.
1196 242 1255 303 II
1304 241 1892 305 SENTENTIARUM

433 448 559 510 hoc
606 446 1105 529 distingueretur
1151 444 1447 527 specifice
1508 446 1592 508 ab
1654 446 1871 508 anima
1932 447 2213 512 alterius.
2271 449 2365 510 Et

432 553 852 617 confirmatur
899 553 981 614 de
1039 553 1258 614 anima
1307 551 1542 615 Christi
1606 572 1755 633 quae
1805 561 2074 615 noverat
2122 555 2354 616 omnia

422 660 852 733 habitualiter,
901 668 966 721 et
1010 668 1231 721 tamen
1279 659 1384 720 illa
1431 679 1561 720 non
1595 658 1715 721 fuit
1762 668 1995 721 natura
2025 649 2348 741 angelica.

557 763 747 833 Dico
791 782 973 852 ergo
1016 762 1238 832 aliter
1283 767 1642 827 secundum
1701 765 2076 845 opinionem
2144 766 2352 839 Scoti,

433 873 612 955 quod
659 873 875 935 anima
921 881 985 934 et
1029 872 1300 954 angelus
1347 872 1652 934 differunt
1697 872 1926 953 specie,
1978 894 2113 934 non
2163 894 2366 955 prop-

436 988 531 1042 ter
577 979 859 1060 aliquem
907 988 1128 1041 actum
1175 979 1557 1052 secundum,
1622 978 1735 1040 sed
1798 988 2064 1060 propter
2125 990 2384 1042 actum·

422 1086 747 1167 primum,
795 1086 1183 1166 inquantum
1231 1084 1501 1166 angelus
1546 1093 1644 1146 est
1689 1084 1832 1147 talis
1895 1094 2127 1147 natura
2172 1095 2237 1148 et
2287 1108 2360 1148 a·

437 1192 612 1254 nima
660 1192 801 1254 talis
848 1201 1111 1268 natura;
1153 1211 1284 1253 non
1316 1200 1537 1253 tamen
1572 1191 1987 1273 distinguitur
2012 1192 2180 1254 sicut
2211 1214 2365 1273 spe-

426 1299 553 1361 cies
599 1307 663 1361 et
709 1298 970 1379 specieS‚
1042 1298 1154 1360 sed
1216 1298 1380 1360 sicut
1441 1298 1684 1379 species
1744 1307 1808 1360 et
1870 1319 2017 1380 pars
2093 1299 2356 1380 speciei,

436 1405 589 1486 quia
634 1404 849 1466 anima
896 1413 993 1466 est
1039 1425 1188 1486 pars
1234 1404 1485 1485 speciei.

561 1512 689 1573 Est
715 1522 928 1573 autem
962 1511 1318 1573 notandum
1353 1511 1712 1572 secundum
1746 1510 1917 1571 viam
1948 1510 2125 1573 Scoti
2166 1512 2357 1593 quod

431 1618 732 1699 quamvis
777 1618 996 1679 anima
1042 1626 1106 1679 et
1151 1617 1422 1698 angelus
1452 1616 1757 1678 differunt
1797 1617 2026 1698 specie,
2084 1638 2215 1679 non
2254 1626 2362 1679 ta-

435 1745 585 1786 men
656 1733 918 1805 propter
967 1722 1091 1786 hoc
1138 1731 1397 1804 oportet
1466 1724 1825 1785 intellectus
1878 1724 2167 1804 ipsorum
2232 1724 2363 1787 dif-

433 1830 594 1893 ferre
639 1830 867 1912 specie,
904 1838 1177 1911 possunt
1202 1830 1375 1891 enim
1402 1830 1797 1893 continentia
1822 1830 2074 1892 differre
2135 1831 2357 1912 specie

429 1945 494 1998 et
540 1944 844 1997 contenta
892 1956 1042 2010 non,
1078 1935 1242 1999 sicut
1289 1944 1471 2017 patet
1516 1936 1598 1998 de
1627 1936 1843 2016 aquila
1889 1945 1954 1997 et
1987 1935 2157 1998 bove
2200 1957 2363 2018 quae

428 2042 730 2104 differunt
762 2043 991 2124 specie,
1026 2051 1090 2104 et
1122 2051 1342 2104 tamen
1375 2042 1470 2104 vis
1516 2041 1718 2103 visiva
1748 2042 1813 2103 in
1861 2042 1951 2104 eis
2000 2041 2166 2105 forte
2219 2064 2361 2107 non

427 2148 749 2210 differunt.
800 2149 889 2211 Et
935 2158 1032 2210 est
1077 2148 1250 2209 aliud
1297 2148 1678 2230 exemplum
1727 2148 1991 2209 clarius:
2037 2147 2241 2211 homo
2287 2160 2364 2212 et

429 2255 587 2337 lapis
635 2255 936 2317 differunt
983 2255 1213 2337 specie,
1271 2264 1337 2316 et
1404 2264 1625 2317 tamen
1690 2255 1901 2317 unitas
1934 2256 1999 2316 in
2060 2256 2152 2317 eis
2219 2276 2360 2320 non

427 2360 637 2424 differt
683 2361 910 2443 specie.

572 2573 1020 2659 Quantum
1069 2574 1199 2639 ad
1236 2574 1592 2639 tertium
1639 2572 2171 2657 Articulum,
2233 2575 2362 2637 sci-

429 2682 673 2743 endum
721 2680 900 2761 quod
947 2681 1216 2762 angelus
1278 2701 1415 2742 esse
1469 2680 1851 2742 nobiliorem
1899 2682 2117 2743 anima
2166 2682 2365 2745 ratio-

432 2788 557 2849 nali
606 2797 822 2869 potest
868 2786 1134 2868 intelligi
1181 2787 1540 2868 dupliciter.
1589 2787 1820 2850 Primo
1852 2789 2030 2868 quod
2078 2789 2362 2871 angelus

431 2894 511 2956 sit
558 2893 830 2956 nobilior
862 2902 1003 2956 toto
1049 2893 1403 2974 conjuncto
1450 2915 1535 2956 ex
1582 2894 1801 2956 anima
1846 2903 1912 2956 et
1958 2915 2249 2976 corpore,
2283 2907 2355 2958 et

431 3000 535 3063 hic
584 3002 709 3063 hoc
756 3021 887 3063 non
934 3009 1193 3083 oportet
1238 3001 1583 3075 declarare,
1632 3000 1914 3081 quiade
1960 3002 2069 3062 illo
2103 3011 2361 3083 puncto

431 3107 596 3171 forte
643 3109 854 3169 dicam
905 3127 1006 3170 Io.
1056 3107 1231 3170 Dz'st.

561 3214 715 3276 Alio
763 3214 944 3276 modo
992 3222 1206 3295 potest
1254 3213 1522 3295 intelligi
1570 3213 1750 3295 quod
1782 3215 2052 3296 angelus
2099 3214 2182 3276 sit
2237 3237 2358 3277 no-

434 3320 621 3382 bilior
667 3321 884 3382 anima
931 3320 1338 3393 intellectiva,
1390 3329 1462 3381 ut
1508 3320 1726 3383 anima
1772 3330 1870 3382 est
1931 3341 2079 3402 pars
2138 3342 2357 3384 essen-

427 3427 592 3489 tialis
639 3426 937 3501 hominis,
986 3436 1051 3489 et
1097 3436 1254 3489 tunc
1315 3427 1463 3488 dico
1510 3428 1689 3508 quod
1758 3427 1847 3489 sic
1896 3436 1967 3490 ut
2028 3448 2141 3509 per
2205 3428 2356 3490 Au-

431 3534 765 3616 gustinum
799 3534 940 3596 Lib.
977 3552 1079 3595 ΙΙ.
1128 3535 1206 3595 de
1235 3533 1361 3596 civ.
1410 3533 1558 3596 Dei.
1607 3555 1657 3595 c.
1692 3532 1796 3596 16.
1831 3534 1996 3595 Item
2031 3555 2143 3615 per
2192 3535 2355 3598 Dio-

428 3641 690 3721 nysium
738 3642 816 3702 de
860 3640 1116 3703 divinis
1164 3661 1331 3702 nom.
1399 3640 1562 3701 Item
1612 3662 1724 3722 per
1790 3640 2182 3723 Gregorium
2243 3661 2355 3722 23.
