<?xml version="1.0" encoding="UTF-8"?>
<!DOCTYPE html PUBLIC "-//W3C//DTD XHTML 1.0 Transitional//EN"
    "http://www.w3.org/TR/xhtml1/DTD/xhtml1-transitional.dtd">
<html xmlns="http://www.w3.org/1999/xhtml" xml:lang="en" lang="en">
 <head>
  <title>
</title>
<meta http-equiv="Content-Type" content="text/html;charset=utf-8" />
  <meta name='ocr-system' content='tesseract 3.04.00' />
  <meta name='ocr-capabilities' content='ocr_page ocr_carea ocr_par ocr_line ocrx_word'/>
</head>
<body>
  <div class='ocr_page' id='page_1' title='image "./commentariainli00scotgoog_0162.png"; bbox 0 0 2634 4267; ppageno 0'>
   <div class='ocr_carea' id='block_1_1' title="bbox 274 208 965 290">
    <p class='ocr_par' dir='ltr' id='par_1_1' title="bbox 274 208 965 290">
     <span class='ocr_line' id='line_1_1' title="bbox 274 208 965 290; baseline 0 -17"><span class='ocrx_word' id='word_1_1' title='bbox 274 224 337 290; x_wconf 80' lang='lat'>150</span> <span class='ocrx_word' id='word_1_2' title='bbox 515 209 589 276; x_wconf 73' lang='lat' dir='ltr'>Lus.</span> <span class='ocrx_word' id='word_1_3' title='bbox 614 209 643 270; x_wconf 88' lang='grc' dir='ltr'>ΙΙ</span> <span class='ocrx_word' id='word_1_4' title='bbox 668 208 965 273; x_wconf 77' lang='lat' dir='ltr'>Sevrnvrmaun</span> 
     </span>
    </p>
   </div>
   <div class='ocr_carea' id='block_1_2' title="bbox 208 413 1226 1988">
    <p class='ocr_par' dir='ltr' id='par_1_2' title="bbox 208 413 1226 1988">
     <span class='ocr_line' id='line_1_2' title="bbox 247 413 1218 497; baseline 0 -20"><span class='ocrx_word' id='word_1_5' title='bbox 247 415 281 478; x_wconf 90' lang='lat' dir='ltr'>in</span> <span class='ocrx_word' id='word_1_6' title='bbox 304 413 427 497; x_wconf 83' lang='lat' dir='ltr'>angelis</span> <span class='ocrx_word' id='word_1_7' title='bbox 458 414 677 496; x_wconf 86' lang='lat' dir='ltr'>superioribus</span> <span class='ocrx_word' id='word_1_8' title='bbox 707 423 783 476; x_wconf 92' lang='lat' dir='ltr'>sunt</span> <span class='ocrx_word' id='word_1_9' title='bbox 814 413 936 496; x_wconf 90' lang='lat' dir='ltr'>species</span> <span class='ocrx_word' id='word_1_10' title='bbox 967 413 1218 477; x_wconf 82' lang='lat' dir='ltr'>universaliores</span> 
     </span>
     <span class='ocr_line' id='line_1_3' title="bbox 247 520 1226 604; baseline 0 -20"><span class='ocrx_word' id='word_1_11' title='bbox 247 531 381 604; x_wconf 91' lang='lat' dir='ltr'>sumpta</span> <span class='ocrx_word' id='word_1_12' title='bbox 397 521 635 585; x_wconf 82' lang='lat' dir='ltr'>universalitate</span> <span class='ocrx_word' id='word_1_13' title='bbox 647 542 708 604; x_wconf 87' lang='lat' dir='ltr'>pro</span> <span class='ocrx_word' id='word_1_14' title='bbox 721 520 925 602; x_wconf 81' lang='lat' dir='ltr'>limpiditate,</span> <span class='ocrx_word' id='word_1_15' title='bbox 943 540 1009 583; x_wconf 92' lang='lat' dir='ltr'>non</span> <span class='ocrx_word' id='word_1_16' title='bbox 1026 541 1089 603; x_wconf 90' lang='lat' dir='ltr'>pro</span> <span class='ocrx_word' id='word_1_17' title='bbox 1114 522 1226 603; x_wconf 65' lang='lat' dir='ltr'>majo-x</span> 
     </span>
     <span class='ocr_line' id='line_1_4' title="bbox 248 625 1214 710; baseline 0.002 -20"><span class='ocrx_word' id='word_1_18' title='bbox 248 628 342 690; x_wconf 87' lang='lat' dir='ltr'>ritate</span> <span class='ocrx_word' id='word_1_19' title='bbox 365 625 533 690; x_wconf 73' lang='lat' dir='ltr'>extensive</span> <span class='ocrx_word' id='word_1_20' title='bbox 555 637 588 690; x_wconf 92' lang='lat' dir='ltr'>et</span> <span class='ocrx_word' id='word_1_21' title='bbox 612 627 675 690; x_wconf 91' lang='lat' dir='ltr'>hoc</span> <span class='ocrx_word' id='word_1_22' title='bbox 703 635 793 710; x_wconf 89' lang='lat' dir='ltr'>patet</span> <span class='ocrx_word' id='word_1_23' title='bbox 824 648 880 708; x_wconf 91' lang='lat' dir='ltr'>per</span> <span class='ocrx_word' id='word_1_24' title='bbox 912 626 1105 689; x_wconf 90' lang='lat' dir='ltr'>Linconien.</span> <span class='ocrx_word' id='word_1_25' title='bbox 1143 649 1214 710; x_wconf 88' lang='lat' dir='ltr'>per·</span> 
     </span>
     <span class='ocr_line' id='line_1_5' title="bbox 248 732 1214 816; baseline -0.002 -19"><span class='ocrx_word' id='word_1_26' title='bbox 248 743 443 797; x_wconf 84' lang='lat' dir='ltr'><strong>tractantem</strong></span> <span class='ocrx_word' id='word_1_27' title='bbox 466 732 566 796; x_wconf 91' lang='lat' dir='ltr'>verba</span> <span class='ocrx_word' id='word_1_28' title='bbox 582 732 732 814; x_wconf 88' lang='lat' dir='ltr'>Dionysii</span> <span class='ocrx_word' id='word_1_29' title='bbox 756 733 975 815; x_wconf 66' lang='lat' dir='ltr'>praeallegata,</span> <span class='ocrx_word' id='word_1_30' title='bbox 992 735 1085 814; x_wconf 92' lang='lat' dir='ltr'>quod</span> <span class='ocrx_word' id='word_1_31' title='bbox 1107 735 1214 816; x_wconf 82' lang='lat' dir='ltr'>angeli</span> 
     </span>
     <span class='ocr_line' id='line_1_6' title="bbox 248 839 1213 922; baseline -0.001 -19"><span class='ocrx_word' id='word_1_32' title='bbox 248 841 430 922; x_wconf 88' lang='lat' dir='ltr'>superiores</span> <span class='ocrx_word' id='word_1_33' title='bbox 467 840 588 903; x_wconf 90' lang='lat' dir='ltr'>habent</span> <span class='ocrx_word' id='word_1_34' title='bbox 618 839 882 903; x_wconf 87' lang='lat' dir='ltr'>universaliorem</span> <span class='ocrx_word' id='word_1_35' title='bbox 914 839 1099 913; x_wconf 88' lang='lat' dir='ltr'>scientiam,</span> <span class='ocrx_word' id='word_1_36' title='bbox 1132 841 1213 902; x_wconf 88' lang='lat' dir='ltr'>idest</span> 
     </span>
     <span class='ocr_line' id='line_1_7' title="bbox 208 933 1212 1029; baseline -0.003 -20"><span class='ocrx_word' id='word_1_37' title='bbox 208 933 211 936; x_wconf 29' lang='lat'><strong>⁴</strong></span> <span class='ocrx_word' id='word_1_38' title='bbox 249 947 477 1029; x_wconf 89' lang='lat' dir='ltr'>limpidiorem.</span> <span class='ocrx_word' id='word_1_39' title='bbox 502 947 547 1009; x_wconf 89' lang='lat' dir='ltr'>Et</span> <span class='ocrx_word' id='word_1_40' title='bbox 570 967 627 1028; x_wconf 91' lang='lat' dir='ltr'>per</span> <span class='ocrx_word' id='word_1_41' title='bbox 651 946 714 1009; x_wconf 94' lang='lat' dir='ltr'>hoc</span> <span class='ocrx_word' id='word_1_42' title='bbox 739 955 829 1028; x_wconf 90' lang='lat' dir='ltr'>patet</span> <span class='ocrx_word' id='word_1_43' title='bbox 852 945 894 1008; x_wconf 90' lang='lat' dir='ltr'>ad</span> <span class='ocrx_word' id='word_1_44' title='bbox 918 966 1033 1009; x_wconf 89' lang='lat' dir='ltr'>omnes</span> <span class='ocrx_word' id='word_1_45' title='bbox 1057 947 1212 1009; x_wconf 90' lang='lat' dir='ltr'>rationes:</span> 
     </span>
     <span class='ocr_line' id='line_1_8' title="bbox 316 1052 1212 1135; baseline 0.001 -20"><span class='ocrx_word' id='word_1_46' title='bbox 316 1054 375 1116; x_wconf 76' lang='lat' dir='ltr'>Ae</span> <span class='ocrx_word' id='word_1_47' title='bbox 390 1054 538 1135; x_wconf 86' lang='lat' dir='ltr'>primum</span> <span class='ocrx_word' id='word_1_48' title='bbox 562 1054 603 1115; x_wconf 93' lang='lat' dir='ltr'>de</span> <span class='ocrx_word' id='word_1_49' title='bbox 626 1053 799 1134; x_wconf 75' lang='lat' dir='ltr'>receptione</span> <span class='ocrx_word' id='word_1_50' title='bbox 822 1052 896 1114; x_wconf 90' lang='lat' dir='ltr'>dico</span> <span class='ocrx_word' id='word_1_51' title='bbox 918 1053 1008 1134; x_wconf 92' lang='lat' dir='ltr'>quod</span> <span class='ocrx_word' id='word_1_52' title='bbox 1033 1052 1095 1115; x_wconf 88' lang='lat' dir='ltr'>ista</span> <span class='ocrx_word' id='word_1_53' title='bbox 1108 1074 1212 1135; x_wconf 88' lang='lat' dir='ltr'>recep</span> 
     </span>
     <span class='ocr_line' id='line_1_9' title="bbox 249 1158 1208 1242; baseline -0.001 -19"><span class='ocrx_word' id='word_1_54' title='bbox 249 1161 297 1223; x_wconf 89' lang='lat' dir='ltr'>tio</span> <span class='ocrx_word' id='word_1_55' title='bbox 319 1170 368 1223; x_wconf 93' lang='lat' dir='ltr'>est</span> <span class='ocrx_word' id='word_1_56' title='bbox 391 1181 490 1242; x_wconf 89' lang='lat' dir='ltr'>penes</span> <span class='ocrx_word' id='word_1_57' title='bbox 513 1160 750 1242; x_wconf 87' lang='lat' dir='ltr'>limpiditatem.</span> <span class='ocrx_word' id='word_1_58' title='bbox 769 1160 814 1221; x_wconf 92' lang='lat' dir='ltr'>Et</span> <span class='ocrx_word' id='word_1_59' title='bbox 836 1159 862 1221; x_wconf 93' lang='lat' dir='ltr'>si</span> <span class='ocrx_word' id='word_1_60' title='bbox 878 1158 1011 1239; x_wconf 88' lang='lat' dir='ltr'>objicias</span> <span class='ocrx_word' id='word_1_61' title='bbox 1036 1181 1094 1240; x_wconf 91' lang='lat' dir='ltr'>per</span> <span class='ocrx_word' id='word_1_62' title='bbox 1119 1161 1208 1222; x_wconf 86' lang='lat' dir='ltr'>istan-</span> 
     </span>
     <span class='ocr_line' id='line_1_10' title="bbox 249 1265 1210 1347; baseline -0.002 -17"><span class='ocrx_word' id='word_1_63' title='bbox 249 1267 329 1330; x_wconf 89' lang='lat' dir='ltr'>tiam</span> <span class='ocrx_word' id='word_1_64' title='bbox 354 1267 395 1330; x_wconf 93' lang='lat' dir='ltr'>de</span> <span class='ocrx_word' id='word_1_65' title='bbox 417 1287 513 1329; x_wconf 91' lang='lat' dir='ltr'>sensu</span> <span class='ocrx_word' id='word_1_66' title='bbox 536 1276 570 1328; x_wconf 92' lang='lat' dir='ltr'>et</span> <span class='ocrx_word' id='word_1_67' title='bbox 593 1267 767 1340; x_wconf 88' lang='lat' dir='ltr'>intellectu,</span> <span class='ocrx_word' id='word_1_68' title='bbox 791 1265 882 1347; x_wconf 92' lang='lat' dir='ltr'>quod</span> <span class='ocrx_word' id='word_1_69' title='bbox 906 1265 1028 1346; x_wconf 89' lang='lat' dir='ltr'>species</span> <span class='ocrx_word' id='word_1_70' title='bbox 1057 1266 1090 1328; x_wconf 94' lang='lat' dir='ltr'>in</span> <span class='ocrx_word' id='word_1_71' title='bbox 1122 1267 1210 1328; x_wconf 90' lang='lat' dir='ltr'>intel·</span> 
     </span>
     <span class='ocr_line' id='line_1_11' title="bbox 251 1372 1208 1454; baseline -0.001 -20"><span class='ocrx_word' id='word_1_72' title='bbox 251 1374 336 1436; x_wconf 91' lang='lat' dir='ltr'>lectu</span> <span class='ocrx_word' id='word_1_73' title='bbox 359 1382 408 1435; x_wconf 91' lang='lat' dir='ltr'>est</span> <span class='ocrx_word' id='word_1_74' title='bbox 431 1373 640 1435; x_wconf 87' lang='lat' dir='ltr'>universalior</span> <span class='ocrx_word' id='word_1_75' title='bbox 671 1392 771 1454; x_wconf 88' lang='lat' dir='ltr'>quam</span> <span class='ocrx_word' id='word_1_76' title='bbox 796 1372 957 1445; x_wconf 89' lang='lat' dir='ltr'>insensu,</span> <span class='ocrx_word' id='word_1_77' title='bbox 989 1372 1065 1435; x_wconf 90' lang='lat' dir='ltr'>dico</span> <span class='ocrx_word' id='word_1_78' title='bbox 1097 1374 1208 1435; x_wconf 91' lang='lat' dir='ltr'>eodem</span> 
     </span>
     <span class='ocr_line' id='line_1_12' title="bbox 251 1478 1215 1561; baseline -0.002 -19"><span class='ocrx_word' id='word_1_79' title='bbox 251 1481 353 1542; x_wconf 91' lang='lat' dir='ltr'>modo</span> <span class='ocrx_word' id='word_1_80' title='bbox 376 1481 467 1561; x_wconf 92' lang='lat' dir='ltr'>quod</span> <span class='ocrx_word' id='word_1_81' title='bbox 483 1485 652 1561; x_wconf 86' lang='lat' dir='ltr'>nunquam</span> <span class='ocrx_word' id='word_1_82' title='bbox 677 1479 836 1540; x_wconf 84' lang='lat' dir='ltr'>distinctae</span> <span class='ocrx_word' id='word_1_83' title='bbox 854 1478 975 1559; x_wconf 88' lang='lat' dir='ltr'>species</span> <span class='ocrx_word' id='word_1_84' title='bbox 999 1479 1031 1541; x_wconf 92' lang='lat' dir='ltr'>in</span> <span class='ocrx_word' id='word_1_85' title='bbox 1056 1500 1151 1541; x_wconf 91' lang='lat' dir='ltr'>sensu</span> <span class='ocrx_word' id='word_1_86' title='bbox 1167 1478 1215 1540; x_wconf 84' lang='lat' dir='ltr'>la·.</span> 
     </span>
     <span class='ocr_line' id='line_1_13' title="bbox 251 1584 1208 1650; baseline -0.005 0"><span class='ocrx_word' id='word_1_87' title='bbox 251 1587 342 1650; x_wconf 90' lang='lat' dir='ltr'>ciunt</span> <span class='ocrx_word' id='word_1_88' title='bbox 366 1605 468 1649; x_wconf 92' lang='lat' dir='ltr'>unum</span> <span class='ocrx_word' id='word_1_89' title='bbox 492 1587 524 1648; x_wconf 93' lang='lat' dir='ltr'>in</span> <span class='ocrx_word' id='word_1_90' title='bbox 549 1587 723 1648; x_wconf 92' lang='lat' dir='ltr'>intellectu.</span> <span class='ocrx_word' id='word_1_91' title='bbox 756 1584 821 1649; x_wconf 87' lang='lat' dir='ltr'>Sed</span> <span class='ocrx_word' id='word_1_92' title='bbox 853 1584 970 1648; x_wconf 87' lang='lat' dir='ltr'>dicitur</span> <span class='ocrx_word' id='word_1_93' title='bbox 1006 1586 1208 1648; x_wconf 90' lang='lat' dir='ltr'>universalior</span> 
     </span>
     <span class='ocr_line' id='line_1_14' title="bbox 250 1691 1207 1775; baseline -0.005 -19"><span class='ocrx_word' id='word_1_94' title='bbox 250 1715 326 1775; x_wconf 84' lang='lat' dir='ltr'>quae</span> <span class='ocrx_word' id='word_1_95' title='bbox 350 1703 400 1756; x_wconf 88' lang='lat' dir='ltr'>est</span> <span class='ocrx_word' id='word_1_96' title='bbox 422 1693 453 1755; x_wconf 91' lang='lat' dir='ltr'>in</span> <span class='ocrx_word' id='word_1_97' title='bbox 478 1694 651 1767; x_wconf 89' lang='lat' dir='ltr'>intellectu,</span> <span class='ocrx_word' id='word_1_98' title='bbox 669 1693 746 1774; x_wconf 88' lang='lat' dir='ltr'>quia</span> <span class='ocrx_word' id='word_1_99' title='bbox 762 1691 937 1774; x_wconf 89' lang='lat' dir='ltr'>limpidior.</span> <span class='ocrx_word' id='word_1_100' title='bbox 955 1693 1085 1756; x_wconf 90' lang='lat' dir='ltr'>Eodem</span> <span class='ocrx_word' id='word_1_101' title='bbox 1115 1693 1207 1754; x_wconf 92' lang='lat' dir='ltr'>modo</span> 
     </span>
     <span class='ocr_line' id='line_1_15' title="bbox 251 1798 1206 1882; baseline -0.004 -20"><span class='ocrx_word' id='word_1_102' title='bbox 251 1800 293 1863; x_wconf 91' lang='lat' dir='ltr'>ad</span> <span class='ocrx_word' id='word_1_103' title='bbox 316 1800 415 1873; x_wconf 88' lang='lat' dir='ltr'>aliud,</span> <span class='ocrx_word' id='word_1_104' title='bbox 428 1800 563 1882; x_wconf 88' lang='lat' dir='ltr'>angelus</span> <span class='ocrx_word' id='word_1_105' title='bbox 586 1799 673 1861; x_wconf 90' lang='lat' dir='ltr'>enim</span> <span class='ocrx_word' id='word_1_106' title='bbox 686 1798 831 1880; x_wconf 91' lang='lat' dir='ltr'>superior</span> <span class='ocrx_word' id='word_1_107' title='bbox 846 1809 895 1861; x_wconf 92' lang='lat' dir='ltr'>est</span> <span class='ocrx_word' id='word_1_108' title='bbox 911 1799 1125 1880; x_wconf 87' lang='lat' dir='ltr'>propinquior</span> <span class='ocrx_word' id='word_1_109' title='bbox 1140 1801 1206 1861; x_wconf 91' lang='lat' dir='ltr'>Deo</span> 
     </span>
     <span class='ocr_line' id='line_1_16' title="bbox 251 1905 1202 1988; baseline -0.004 -21"><span class='ocrx_word' id='word_1_110' title='bbox 251 1906 284 1968; x_wconf 91' lang='lat' dir='ltr'>in</span> <span class='ocrx_word' id='word_1_111' title='bbox 309 1907 501 1988; x_wconf 88' lang='lat' dir='ltr'>limpiditate</span> <span class='ocrx_word' id='word_1_112' title='bbox 524 1926 589 1968; x_wconf 92' lang='lat' dir='ltr'>non</span> <span class='ocrx_word' id='word_1_113' title='bbox 614 1906 646 1967; x_wconf 92' lang='lat' dir='ltr'>in</span> <span class='ocrx_word' id='word_1_114' title='bbox 671 1905 834 1987; x_wconf 86' lang='lat' dir='ltr'>paucitate</span> <span class='ocrx_word' id='word_1_115' title='bbox 858 1905 1202 1987; x_wconf 84' lang='lat' dir='ltr'>repraesentativorum.</span> 
     </span>
    </p>
   </div>
   <div class='ocr_carea' id='block_1_3' title="bbox 246 2115 1203 3034">
    <p class='ocr_par' dir='ltr' id='par_1_3' title="bbox 246 2115 1203 2520">
     <span class='ocr_line' id='line_1_17' title="bbox 319 2115 1203 2200; baseline -0.007 -18"><span class='ocrx_word' id='word_1_116' title='bbox 319 2120 380 2182; x_wconf 88' lang='lat' dir='ltr'>AD</span> <span class='ocrx_word' id='word_1_117' title='bbox 405 2132 548 2182; x_wconf 74' lang='lat' dir='ltr'>Paruum</span> <span class='ocrx_word' id='word_1_118' title='bbox 573 2133 801 2182; x_wconf 73' lang='lat' dir='ltr'>Pnrncrmta-</span> <span class='ocrx_word' id='word_1_119' title='bbox 814 2139 899 2200; x_wconf 87' lang='lat' dir='ltr'>nego</span> <span class='ocrx_word' id='word_1_120' title='bbox 916 2119 1084 2180; x_wconf 79' lang='lat' dir='ltr'>minorem.</span> <span class='ocrx_word' id='word_1_121' title='bbox 1100 2115 1203 2178; x_wconf 87' lang='lat' dir='ltr'>-Ad</span> 
     </span>
     <span class='ocr_line' id='line_1_18' title="bbox 246 2223 1203 2308; baseline -0.007 -19"><span class='ocrx_word' id='word_1_122' title='bbox 246 2226 468 2308; x_wconf 81' lang='lat' dir='ltr'>probationem</span> <span class='ocrx_word' id='word_1_123' title='bbox 492 2226 533 2288; x_wconf 90' lang='lat' dir='ltr'>de</span> <span class='ocrx_word' id='word_1_124' title='bbox 556 2226 699 2287; x_wconf 91' lang='lat' dir='ltr'>numeris</span> <span class='ocrx_word' id='word_1_125' title='bbox 722 2235 754 2288; x_wconf 90' lang='lat' dir='ltr'>et</span> <span class='ocrx_word' id='word_1_126' title='bbox 770 2223 883 2307; x_wconf 84' lang='lat' dir='ltr'>figuris</span> <span class='ocrx_word' id='word_1_127' title='bbox 906 2225 979 2287; x_wconf 91' lang='lat' dir='ltr'>dico</span> <span class='ocrx_word' id='word_1_128' title='bbox 1001 2225 1091 2306; x_wconf 94' lang='lat' dir='ltr'>quod</span> <span class='ocrx_word' id='word_1_129' title='bbox 1115 2224 1203 2284; x_wconf 91' lang='lat' dir='ltr'>inten-</span> 
     </span>
     <span class='ocr_line' id='line_1_19' title="bbox 253 2331 1203 2414; baseline -0.007 -19"><span class='ocrx_word' id='word_1_130' title='bbox 253 2333 300 2396; x_wconf 92' lang='lat' dir='ltr'>tio</span> <span class='ocrx_word' id='word_1_131' title='bbox 323 2332 511 2414; x_wconf 90' lang='lat' dir='ltr'>Philosophi</span> <span class='ocrx_word' id='word_1_132' title='bbox 534 2342 583 2395; x_wconf 88' lang='lat' dir='ltr'>est</span> <span class='ocrx_word' id='word_1_133' title='bbox 606 2333 647 2394; x_wconf 95' lang='lat' dir='ltr'>de</span> <span class='ocrx_word' id='word_1_134' title='bbox 671 2332 839 2413; x_wconf 87' lang='lat' dir='ltr'>speciebus</span> <span class='ocrx_word' id='word_1_135' title='bbox 862 2331 1056 2393; x_wconf 90' lang='lat' dir='ltr'>subalternis</span> <span class='ocrx_word' id='word_1_136' title='bbox 1072 2350 1135 2393; x_wconf 92' lang='lat' dir='ltr'>non</span> <span class='ocrx_word' id='word_1_137' title='bbox 1156 2348 1203 2389; x_wconf 90' lang='lat' dir='ltr'>au-</span> 
     </span>
     <span class='ocr_line' id='line_1_20' title="bbox 253 2438 845 2520; baseline 0.002 -19"><span class='ocrx_word' id='word_1_138' title='bbox 253 2448 321 2502; x_wconf 94' lang='lat' dir='ltr'>tem</span> <span class='ocrx_word' id='word_1_139' title='bbox 346 2440 387 2501; x_wconf 91' lang='lat' dir='ltr'>de</span> <span class='ocrx_word' id='word_1_140' title='bbox 409 2439 577 2520; x_wconf 88' lang='lat' dir='ltr'>speciebus</span> <span class='ocrx_word' id='word_1_141' title='bbox 600 2438 845 2520; x_wconf 82' lang='lat' dir='ltr'>specialissimis</span> 
     </span>
    </p>

    <p class='ocr_par' dir='ltr' id='par_1_4' title="bbox 253 2542 1202 3034">
     <span class='ocr_line' id='line_1_21' title="bbox 320 2542 1199 2627; baseline -0.007 -19"><span class='ocrx_word' id='word_1_142' title='bbox 320 2546 379 2608; x_wconf 76' lang='lat' dir='ltr'>Ad</span> <span class='ocrx_word' id='word_1_143' title='bbox 405 2547 581 2608; x_wconf 84' lang='lat' dir='ltr'>secundum</span> <span class='ocrx_word' id='word_1_144' title='bbox 605 2546 678 2608; x_wconf 90' lang='lat' dir='ltr'>dico</span> <span class='ocrx_word' id='word_1_145' title='bbox 710 2546 800 2627; x_wconf 91' lang='lat' dir='ltr'>quod</span> <span class='ocrx_word' id='word_1_146' title='bbox 826 2543 982 2626; x_wconf 82' lang='lat' dir='ltr'>perfectio</span> <span class='ocrx_word' id='word_1_147' title='bbox 1005 2552 1054 2606; x_wconf 90' lang='lat' dir='ltr'>est</span> <span class='ocrx_word' id='word_1_148' title='bbox 1078 2542 1199 2624; x_wconf 84' lang='lat' dir='ltr'>duplex,</span> 
     </span>
     <span class='ocr_line' id='line_1_22' title="bbox 253 2650 1200 2732; baseline -0.007 -18"><span class='ocrx_word' id='word_1_149' title='bbox 253 2653 373 2714; x_wconf 91' lang='lat' dir='ltr'>scilicet</span> <span class='ocrx_word' id='word_1_150' title='bbox 395 2652 622 2715; x_wconf 80' lang='lat' dir='ltr'>substantialis</span> <span class='ocrx_word' id='word_1_151' title='bbox 645 2661 678 2713; x_wconf 91' lang='lat' dir='ltr'>et</span> <span class='ocrx_word' id='word_1_152' title='bbox 700 2651 920 2715; x_wconf 84' lang='lat' dir='ltr'>accidentalis.</span> <span class='ocrx_word' id='word_1_153' title='bbox 946 2650 1078 2732; x_wconf 89' lang='lat' dir='ltr'>Species</span> <span class='ocrx_word' id='word_1_154' title='bbox 1104 2659 1200 2712; x_wconf 86' lang='lat' dir='ltr'>autem</span> 
     </span>
     <span class='ocr_line' id='line_1_23' title="bbox 253 2757 1202 2840; baseline -0.008 -20"><span class='ocrx_word' id='word_1_155' title='bbox 253 2759 406 2840; x_wconf 90' lang='lat' dir='ltr'>quamvis</span> <span class='ocrx_word' id='word_1_156' title='bbox 429 2779 495 2821; x_wconf 93' lang='lat' dir='ltr'>non</span> <span class='ocrx_word' id='word_1_157' title='bbox 519 2759 619 2840; x_wconf 90' lang='lat' dir='ltr'>possit</span> <span class='ocrx_word' id='word_1_158' title='bbox 641 2778 711 2820; x_wconf 91' lang='lat' dir='ltr'>esse</span> <span class='ocrx_word' id='word_1_159' title='bbox 735 2757 888 2839; x_wconf 81' lang='lat' dir='ltr'>perfectio</span> <span class='ocrx_word' id='word_1_160' title='bbox 911 2757 1092 2820; x_wconf 91' lang='lat' dir='ltr'>intellectus</span> <span class='ocrx_word' id='word_1_161' title='bbox 1119 2772 1202 2834; x_wconf 84' lang='lat' dir='ltr'>ange-</span> 
     </span>
     <span class='ocr_line' id='line_1_24' title="bbox 256 2860 1200 2946; baseline -0.007 -19"><span class='ocrx_word' id='word_1_162' title='bbox 256 2866 305 2928; x_wconf 91' lang='lat' dir='ltr'>lici</span> <span class='ocrx_word' id='word_1_163' title='bbox 340 2865 599 2939; x_wconf 88' lang='lat' dir='ltr'>substantialiter,</span> <span class='ocrx_word' id='word_1_164' title='bbox 634 2874 743 2946; x_wconf 89' lang='lat' dir='ltr'>potest</span> <span class='ocrx_word' id='word_1_165' title='bbox 779 2874 890 2926; x_wconf 87' lang='lat' dir='ltr'>tamen</span> <span class='ocrx_word' id='word_1_166' title='bbox 921 2863 1029 2945; x_wconf 91' lang='lat' dir='ltr'>ipsum</span> <span class='ocrx_word' id='word_1_167' title='bbox 1062 2860 1200 2945; x_wconf 87' lang='lat' dir='ltr'>perficere</span> 
     </span>
     <span class='ocr_line' id='line_1_25' title="bbox 254 2971 502 3034; baseline 0 -2"><span class='ocrx_word' id='word_1_168' title='bbox 254 2971 502 3034; x_wconf 87' lang='lat' dir='ltr'>accidentaliter.</span> 
     </span>
    </p>
   </div>
   <div class='ocr_carea' id='block_1_4' title="bbox 0 0 1329 4267">
    <p class='ocr_par' dir='ltr' id='par_1_5' title="bbox 0 0 1329 4267">
     <span class='ocr_line' id='line_1_26' title="bbox 0 0 1329 4267; baseline 0 0"><span class='ocrx_word' id='word_1_169' title='bbox 0 0 1329 4267; x_wconf 95' lang='lat' dir='ltr'> </span> 
     </span>
    </p>
   </div>
  </div>
 </body>
</html>
