2634 4267
299 253 360 350 i66
535 285 610 350 Lra.
635 287 665 348 Il
689 285 985 350 Sanrnnnmnun

272 492 355 555 ratio
378 491 531 555 convenit
553 491 646 554 alicui
670 512 728 572 per
750 491 933 565 essentiam,
958 490 1048 553 alteri
1078 511 1137 572 per
1168 511 1236 572 par-

272 598 502 680 tecipationem
526 607 617 660 actus
640 597 696 679 qui
730 597 845 660 transit
878 617 974 679 super
1009 597 1078 671 ista,
1104 607 1235 679 propter

272 706 371 768 talem
385 703 543 768 rationem
561 704 666 786 magis
689 704 875 766 attribuitur
898 703 941 765 illi
964 703 996 765 in
1019 724 1084 784 qua
1101 711 1149 765 est
1165 703 1234 764 talis

271 813 353 874 ratio
381 832 438 894 per
461 811 632 874 essentiam
655 831 756 892 quam
772 810 880 884 alteri:
905 810 962 872 sed
985 810 1066 873 ratio
1081 809 1234 872 bonitatis

271 928 320 981 est
343 919 425 981 ratio
460 919 624 1000 diligendi,
659 927 691 980 et
726 918 795 1000 ipsa
829 917 981 979 convenit
1004 919 1076 979 Deo
1105 937 1163 997 per
1190 937 1233 978 es-

271 1025 419 1099 sentiam,
444 1032 600 1088 creaturae
623 1033 703 1087 vero'
725 1045 782 1106 per
805 1023 1105 1106 participationem;
1129 1044 1216 1105 ergo.

347 1127 521 1200 Tenendo
547 1149 639 1219 ergo
674 1131 761 1193 illam
795 1131 884 1194 viam
918 1131 1099 1212 respondeo
1122 1131 1166 1192 ad
1188 1152 1234 1192 ra·

272 1239 376 1302 tiones
399 1239 529 1301 alterius
551 1237 721 1320 opinionis

340 1347 399 1409 Ad
413 1345 563 1427 prz‘mum
587 1346 661 1408 dico
684 1345 775 1427 quod
798 1346 906 1428 masur
927 1353 976 1406 est
998 1365 1073 1406 vera
1097 1344 1138 1406 de
1158 1345 1234 1406 ami-

263 1449 349 1516 'citia
372 1474 447 1534 quae
471 1462 519 1514 est
542 1453 584 1514 ad
607 1453 745 1514 alterum
780 1452 905 1515 bonum
937 1451 1138 1533 particulare,
1168 1472 1233 1513 non

273 1568 385 1622 autem
409 1560 450 1622 de
473 1559 614 1621 amicitia
636 1579 712 1640 quae
747 1567 797 1620 est
830 1558 872 1620 ad
908 1558 1031 1621 bonum
1055 1558 1234 1621 universale

272 1667 363 1747 quod
386 1676 435 1728 est
459 1666 559 1729 Deus.

337 1774 397 1836 Ad
415 1773 590 1835 secundum
614 1772 687 1834 dico
711 1771 801 1852 quod
825 1771 957 1853 diligere
993 1772 1102 1833 Deum
1136 1792 1235 1854 super

273 1880 385 1942 omnia
407 1880 440 1941 in
464 1879 527 1941 hoc
539 1888 649 1941 tamen
663 1879 805 1940 sistendo
829 1899 894 1940 non
918 1887 966 1940 est
983 1887 1072 1941 actus
1096 1877 1235 1941 charita-

274 1987 315 2050 tis
338 2007 394 2049 seu
418 1987 520 2066 acti03
552 1987 609 2048 sed
643 1986 777 2067 diligere
811 1985 921 2047 Deum
957 1986 1152 2067 inquantum
1189 1997 1236 2049 est

259 2094 398 2184 'bonum
422 2114 590 2155 summum
614 2102 646 2155 et
670 2093 836 2173 objectum
860 2091 1047 2154 beatificum
1069 2113 1114 2153 ex
1140 2094 1236 2174 cujus

275 2221 389 2262 amore
411 2207 579 2262 servantur
602 2199 673 2280 ejus
697 2185 860 2273 mandata,
886 2198 945 2260 iste
968 2208 1017 2260 est
1039 2207 1131 2260 actus
1158 2201 1235 2262 cha·

271 2306 382 2371 ritatis

338 2412 548 2491 Ad'tertium
573 2413 646 2474 dico
670 2413 760 2493 quod
790 2412 932 2474 amicitia
955 2413 1130 2495 aliquando
1167 2412 1236 2475 fun·

273 2521 378 2591 datur¹
404 2540 500 2601 super
536 2520 808 2581 universalitatem
824 2519 1022 2600 formalem
1058 2519 1235 2600 aliquando

271 2647 350 2690 vero
374 2647 470 2708 super
495 2626 768 2688 universalitatem
786 2626 1005 2707 proportionis
1017 2647 1091 2707 quae
1105 2635 1152 2688 est
1166 2647 1235 2708 par-

270 2734 432 2815 ticipantis
455 2733 497 2794 ad
521 2732 760 2814 participatum,
785 2743 817 2794 et
840 2733 892 2794 illa
912 2741 1020 2814 potest
1036 2754 1105 2795 esse
1129 2733 1234 2812 major

270 2861 371 2922 quam
396 2840 457 2900 alia
481 2840 506 2901 si
530 2859 685 2901 summun
710 2840 834 2901 bonum
858 2839 1026 2901 essentiale
1053 2849 1086 2902 et
1108 2839 1234 2921 partici-

273 2956 388 3028 patum
413 2947 453 3008 sit
477 2946 601 3007 bonum
627 2967 684 3027 per
707 2946 879 3008 essentiam
903 2945 985 3008 sicut
1019 2955 1068 3008 est
1102 2947 1133 3008 in
1157 2967 1232 3028 pro-

270 3054 386 3136 posito,

337 3162 396 3222 Ad
415 3161 570 3223 ultimum
594 3161 667 3222 dico
691 3161 782 3240 quod
806 3160 829 3240 l)
862 3169 1022 3241 quantum
1053 3168 1160 3242 potest
1184 3179 1232 3219 re-

272 3266 346 3329 ferri
362 3268 403 3328 ad
420 3253 586 3348 objectum
600 3267 763 3348 diligibile,
776 3276 809 3328 et
825 3267 868 3328 sic
885 3268 992 3350 masur
1006 3276 1055 3329 est
1071 3287 1152 3339 vera,
1173 3265 1231 3327 sed

270 3395 336 3436 non
360 3375 403 3436 ad
427 3374 649 3456 propositum;
674 3374 724 3434 vel
748 3373 790 3434 ad
814 3374 917 3455 ipsam
942 3375 1119 3455 potentiam
1152 3372 1230 3432 dile-

270 3480 402 3554 ctivam,
419 3491 452 3542 et
473 3485 552 3543 tunc
569 3500 654 3561 nego
671 3480 836 3562 masuram.
861 3480 913 3542 De
929 3479 991 3542 hoc
1008 3481 1151 3562 amplius.
1171 3478 1226 3539 lib.

265 3605 300 3664 j.
324 3587 400 3652 dist.
424 3602 466 3665 27
490 3608 520 3648 a.
547 3603 576 3650 2.
