2634 4267
277 263 340 324 282
520 261 595 325 Lm.
619 262 650 325 ΙΙ
675 261 970 326 Savrsnrrnnuu

254 469 443 554 praedicatio
465 479 598 553 sumpta
620 491 640 532 a
663 469 795 533 diversis
819 467 931 532 lormis
954 478 1005 533 est
1028 469 1201 552 praedicatio

252 597 310 660 per
344 577 502 651 accidens,
526 576 609 640 sicut
642 596 719 639 curn
744 575 862 640 dicitur
886 576 988 639 homo
1025 585 1074 639 est
1103 577 1198 652 albus;

253 683 309 746 sed
332 683 357 746 si
381 682 414 746 in
445 683 578 747 homine
600 691 707 746 essent
737 682 846 765 plures
869 681 996 757 sormae,
1033 704 1107 745 curn
1129 683 1200 745 dice

253 799 353 854 retur:
378 790 480 854 homo
503 799 552 854 est
574 790 704 862 animal,
730 790 783 853 illa
819 790 1011 872 praedicatio
1035 799 1201 852 sumeretur

252 918 273 959 a
295 897 427 960 diversis
450 896 580 973 formis;
604 917 693 980 ergo.

323 1002 448 1079 Quarto
470 1006 588 1086 probat
610 1004 690 1066 illud
715 1003 833 1068 Scotus
856 1003 912 1070 lib.
936 1022 969 1086 4.
994 1005 1027 1066 d.
1053 1022 1104 1069 ΙΙ.
1127 1025 1153 1085 q.
1172 1021 1200 1081 j.

253 1111 314 1174 sic:
340 1111 505 1193 pluralitas
521 1131 586 1174 non
609 1119 658 1173 est
674 1111 827 1193 ponenda
850 1110 919 1172 sine
934 1111 1139 1173 necessitate:
1153 1109 1201 1172 sed

253 1239 319 1281 non
342 1228 390 1280 est
414 1219 585 1281 necessitas
608 1238 729 1300 ponere
753 1218 859 1300 plures
882 1216 1015 1293 formas,
1048 1219 1123 1300 quia
1143 1237 1201 1299 per·

252 1324 364 1390 lectior
388 1325 533 1389 continet
554 1324 732 1388 virtualiter
763 1324 1025 1407 imperfectiores,
1058 1326 1138 1388 sicut
1156 1323 1201 1385 tri·

252 1453 359 1514 gonus
382 1432 565 1495 continetur
588 1453 607 1494 a
629 1441 802 1514 tetragono
825 1453 869 1494 ex
891 1451 922 1494 2.
946 1432 986 1496 de
1008 1433 1141 1494 Anima.

323 1537 454 1615 Quinta,
487 1537 699 1602 confirmatur
733 1539 787 1602 illa
810 1538 921 1621 opinio
956 1539 1019 1625 sic:
1047 1540 1119 1601 lstae
1140 1539 1200 1619 plu-

252 1665 301 1707 res
325 1644 439 1708 lormae
462 1655 520 1708 aut
554 1655 630 1708 sunt
652 1645 800 1726 ejusdem
824 1645 940 1728 speciei
965 1645 1198 1727 specialissime,

251 1761 309 1815 aut
330 1752 470 1817 alterius,
494 1752 570 1814 Non
588 1752 700 1834 primo
723 1752 824 1825 modo,
845 1752 922 1834 quia
934 1773 999 1814 una
1024 1753 1156 1825 illarum,
1170 1749 1201 1812 si·
1282 1743 1283 1776 ³

251 1866 308 1921 cut
330 1868 378 1921 est
401 1858 604 1933 intellectiva,
628 1868 677 1921 est
697 1859 948 1941 incorruptibilis
971 1879 1030 1940 per
1053 1868 1198 1930 naturam,

250 1965 351 2028 altera
385 1985 462 2027 vero
495 1974 546 2027 est
574 1966 799 2047 corruptibilis.
837 1965 902 2029 Sed
938 1965 1145 2047 corruptibile
1173 1971 1199 2024 et

250 2071 493 2153 incorruptibile
524 2071 675 2135 differunt
707 2073 904 2154 plusquam
941 2092 1071 2154 genere,
1095 2093 1135 2134 ex
1156 2088 1197 2132 10.

251 2177 398 2260 Metaplz.
422 2178 492 2256 Nec
514 2179 650 2242 secundo
681 2179 782 2252 modo,
811 2175 990 2260 quia'tunc
1023 2179 1123 2241 homo
1144 2195 1197 2238 non
1281 2227 1282 2244 r

250 2294 332 2347 esset
357 2305 440 2347 unus
462 2285 578 2366 specie,
602 2295 635 2348 et
658 2284 801 2348 hominis
819 2306 876 2368 per
901 2306 935 2348 se
959 2306 1026 2348 non
1050 2294 1132 2348 esset
1146 2302 1198 2346 una

250 2390 405 2454 definitio.

323 2605 546 2690 Quantum
570 2607 635 2672 ad
654 2607 837 2673 tertium
861 2605 1115 2673 Am'oulum
1137 2604 1197 2667 dico

251 2712 340 2794 quod
364 2713 417 2774 illa
440 2712 551 2794 opinio
574 2723 622 2776 est
646 2713 734 2786 salsa,
759 2714 835 2796 quia
866 2714 899 2776 in
923 2713 1058 2776 homine
1088 2714 1128 2775 ad
1149 2710 1196 2773 mi-

250 2839 311 2880 nus
334 2828 410 2881 sunt
433 2820 595 2900 ponendae
620 2821 695 2882 duae
719 2819 834 2883 formae
870 2820 1108 2893 substantiales,
1131 2817 1196 2881 scili·

249 2935 301 2988 cet
324 2925 517 2988 intellectiva
541 2935 573 2988 et
604 2947 769 3009 corporea.
795 2928 840 2990 Et
864 2927 926 2990 hoc
958 2929 1077 3008 probat
1100 2922 1195 2988 Henri·

249 3053 306 3094 cus
330 3032 391 3094 sic:
417 3033 553 3095 Diversa
576 3034 706 3115 agentia
730 3054 804 3114 quae
817 3043 921 3116 agunt
933 3033 1091 3096 distinctis
1102 3050 1195 3114 opera·
1279 3063 1280 3088 r

250 3137 391 3201 tionibus
415 3160 480 3201 non
498 3148 634 3221 possunt
658 3139 777 3203 habere
793 3142 934 3203 eundem
958 3141 1130 3203 terminum
1145 3136 1194 3198 lor·

250 3245 387 3325 malem3
412 3248 468 3308 sed
484 3246 593 3308 anima
616 3247 809 3309 intellectiva
825 3257 873 3310 est
896 3248 1055 3309 terminus
1078 3243 1204 3326 creatio·¹

250 3351 315 3412 nis:
340 3372 419 3433 ergo
435 3361 564 3434 oportet
580 3354 671 3434 quod
688 3374 787 3435 agens
811 3354 960 3416 naturale
976 3352 1095 3416 habeat
1109 3350 1191 3412 aliun

250 3457 425 3520 terminum
450 3459 630 3522 formalem.

253 3620 256 3625 ⁴
317 3563 462 3627 Secundo
486 3567 603 3646 probat
626 3566 713 3627 idem
733 3566 915 3630 Richardus
931 3567 993 3630 sic:
1019 3569 1138 3631 Eadem
1151 3585 1191 3626 ac·

248 3669 388 3730 cidentia
423 3691 559 3732 numero
594 3682 857 3753 praesupponunt
892 3673 1035 3756 aliquam
1069 3675 1188 3737 formam
