2634 4267
335 320 525 382 Drsrruc‘n
546 320 575 381 ΙΙ
600 319 747 400 QuAEsr.
773 321 786 381 Ι
969 337 1028 399 24¹

167 526 222 587 Ad
240 536 395 606 quartum
427 526 500 588 dico
523 527 613 607 quod
649 526 784 588 materia
807 535 854 588 est
887 525 1058 589 minimum

108 630 180 692 inter
198 633 284 694 entia
320 631 402 693 infra
425 641 622 713 conceptum
648 633 774 713 generis
798 633 997 707 substantia,
1029 642 1060 695 et

107 736 157 803 sic¹
177 738 325 819 intelligit
349 738 568 820 Augustinus
605 738 670 801 Sed
703 739 836 800 materia
860 759 926 801 non
962 738 1060 801 habet

108 843 270 906 minimum
301 866 371 907 esse
393 845 617 927 comparando
649 845 753 927 ipsam
777 846 819 906 ad
843 845 953 907 omnia
984 865 1059 926 quae

106 958 174 1012 sunt
188 944 269 1013 infra
291 961 489 1032 conceptum
502 951 593 1026 entis,
618 960 651 1013 et
667 950 730 1013 hoc
754 960 843 1033 patet
867 970 897 1035 7.
911 951 1057 1032 Memphi

107 1055 157 1118 ubi
178 1058 253 1120 dicit
276 1058 368 1140 quod
390 1058 572 1120 substantia
595 1078 802 1139 quaecunque
825 1059 892 1120 sive
927 1059 1060 1121 materia
1106 1058 1112 1068 '

106 1161 167 1224 sive
188 1163 292 1226 forma
326 1165 393 1226 sive
416 1164 641 1246 compositum
666 1174 715 1226 est
749 1164 836 1246 prior
863 1184 1060 1247 quocunque

105 1270 263 1333 accidente
286 1271 492 1350 perfectione.
788 1253 789 1256 Ἴ

166 1378 221 1439 Ad
240 1378 393 1458 quintum
413 1377 482 1458 jam
507 1385 597 1460 patet
620 1397 664 1438 ex
691 1377 783 1439 dictis
811 1378 900 1458 quod
926 1378 1059 1440 materia

106 1481 197 1546 habet
218 1494 328 1546 actum
353 1484 569 1546 entitativum.

166 1591 222 1653 Ad
238 1602 368 1654 sextum
391 1591 465 1654 dico
488 1592 578 1672 quod
602 1591 711 1653 minor
726 1600 775 1653 est
791 1589 881 1666 falsa3
898 1591 975 1672 quia
991 1611 1058 1653 ma-

105 1697 179 1758 teria
199 1697 297 1760 habet
321 1699 430 1760 ideam
456 1696 622 1780 propriam
648 1697 680 1759 in
705 1697 787 1772 De0,
823 1697 900 1780 quia
926 1707 975 1760 est
1002 1719 1059 1780 per

107 1822 137 1864 se
159 1805 314 1891 terminus
343 1805 523 1880 creationis
548 1825 606 1886 per
633 1804 780 1886 August,
803 1823 833 1888 7.
857 1814 953 1884 super
979 1804 1058 1868 Gen.

106 1911 148 1972 ad
166 1912 319 1974 litteram.

164 2019 222 2081 Ad
239 2019 412 2100 septimum
442 2017 516 2080 dieo
551 2018 641 2099 quod
666 2017 798 2080 Boetius
832 2017 876 2080 ibi
911 2018 1060 2099 intelligit

107 2121 142 2184 de
162 2145 228 2187 esse
250 2123 403 2207 specifico
430 2133 463 2186 et
485 2123 639 2206 perfecto,
664 2125 755 2206 quod
778 2145 846 2187 esse
869 2145 935 2187 non
959 2124 1059 2187 habet

107 2231 239 2294 materia.

164 2339 221 2400 Ad
240 2338 395 2402 ultimum
418 2337 492 2400 dico
516 2337 606 2420 quod
630 2339 738 2420 mayor
749 2347 797 2400 est
809 2336 897 2412 falsa,
918 2338 994 2419 quia
1010 2359 1059 2400 ac-

106 2441 206 2506 cidens
227 2454 260 2508 et
282 2445 463 2508 substantia
486 2444 703 2526 analogantur
725 2443 758 2506 in
775 2452 859 2517 ente,
877 2465 919 2506 ex
939 2462 971 2527 4.
989 2445 1055 2508 Me·

107 2548 197 2629 taplz„
220 2573 296 2615 cum
321 2552 470 2614 accidens
493 2554 604 2632 potest
630 2571 700 2613 esse
723 2550 792 2613 sine
816 2551 1006 2626 substantia,
1024 2560 1059 2612 ut

107 2666 188 2735 patet
209 2659 241 2720 in
265 2657 480 2721 Eucharistia.

163 2871 223 2935 An
246 2884 391 2935 Pnruuu
415 2869 762 2933 Pnrncnnnsdicitur
785 2870 875 2952 quod
892 2869 974 2932 sicut
991 2891 1056 2932 ma-

105 2978 175 3040 teria
196 3000 253 3061 per
280 2979 434 3040 virtutem
454 2978 597 3041 divinam
626 2986 733 3058 potest
762 2997 829 3039 esse
857 2977 924 3038 sine
941 2977 1055 3050 forma,

104 3081 142 3145 ita
162 3107 217 3166 per
240 3086 393 3148 virtutem
417 3084 560 3146 divinam
578 3083 773 3166 privationes
789 3082 968 3145 formarum
997 3105 1052 3166 op-

107 3192 275 3267 positarum
299 3200 437 3274 possunt
460 3191 556 3253 simul
580 3211 649 3253 esse
672 3191 705 3252 in
718 3190 862 3252 materia.
880 3189 987 3252 Aliter
1002 3212 1058 3271 po-

106 3303 160 3360 test
182 3300 243 3362 dici
267 3300 357 3381 quod
380 3299 462 3361 inter
485 3296 554 3359 illas
577 3296 774 3378 privationes
798 3317 864 3358 non
888 3305 936 3358 est
952 3317 1056 3378 oppo-

106 3402 169 3468 sitio
191 3407 377 3489 propinqua
400 3405 456 3469 sed
473 3414 608 3468 remota.
626 3404 672 3466 Et
688 3401 899 3465 confirmatur
915 3424 971 3484 per
988 3403 1059 3464 Phi-

106 3507 270 3594 losophum
290 3531 326 3596 5.
349 3511 452 3592 Phys.
476 3532 502 3572 c.
525 3530 556 3573 2.
581 3510 636 3591 qui
673 3509 749 3570 dicit
783 3510 873 3590 quod
908 3529 973 3570 non
1009 3519 1058 3571 est

106 3620 324 3682 transmutatio
347 3619 388 3680 de
411 3638 477 3680 non
509 3617 656 3698 subjecto
680 3616 721 3677 ad
757 3636 822 3677 non
862 3615 1055 3694 subjectum,

106 3725 259 3801 quianon
283 3735 332 3788 est
356 3725 398 3787 ibi
422 3723 595 3806 oppositi0,
619 3732 652 3785 et
687 3722 793 3784 omnis
829 3722 1055 3783 transmutatio

105 3839 145 3893 est
164 3834 204 3897 de
227 3831 382 3916 opposito
405 3833 447 3895 ad
471 3829 670 3913 oppositum.

950 3953 976 3995 16
