2634 4267
242 264 281 311 10
484 247 559 313 Lm·
583 250 613 311 ΙΙ
637 248 931 313 Seursurmnun

284 449 481 538 Quantum
514 448 583 543 ad¹
597 451 783 537 primum,
818 463 866 516 est
893 454 1017 536 duplex
1044 457 1166 537 opinio,

214 582 279 623 una
302 560 493 634 Avicennae,
511 560 610 622 altera
627 559 851 623 Gandavensis
875 561 910 623 in
925 561 1073 625 Summa.
1092 563 1182 646 Opi-

216 668 270 730 nio
293 667 475 730 Avicennae
499 676 556 741 est,
581 666 672 748 quod
695 667 816 750 aliquid
840 668 880 729 sit
903 689 923 729 a
945 670 1052 749 prima
1076 690 1184 733 causa.

213 774 255 837 de
279 774 388 849 nihilo,
413 784 450 837 ut
472 775 511 836 de
534 772 639 836 aileila
663 774 740 836 dicit
771 775 917 837 ordinem
942 785 1085 851 naturae;
1111 776 1178 839 hoc
1291 773 1293 808 ³

213 891 305 963 patet
328 902 385 963 per
408 902 483 943 eum
508 880 538 943 6.
564 880 711 962 Metapa.
736 902 761 943 c.
782 900 817 960 3.

281 989 344 1050 Pro
368 988 427 1051 ista
450 988 602 1069 opinione
640 988 786 1069 arguitur
810 988 871 1049 sic:
907 988 1024 1071 Agens
1048 999 1183 1071 quanto
1292 1071 1293 1080 ἵ

215 1094 385 1177 perfectius
408 1104 500 1157 tanto
525 1095 632 1157 minus
655 1095 881 1175 praesupponit
904 1095 936 1157 in
949 1117 1007 1158 sua
1030 1097 1174 1171 actione;

215 1202 271 1265 sed
295 1202 399 1284 prima
422 1222 519 1264 causa
542 1210 590 1263 est
613 1200 786 1281 perfectius
808 1222 909 1283 agens
925 1223 1024 1284 quam
1041 1212 1172 1281 natura;

214 1330 293 1391 ergo
310 1309 416 1370 minus
439 1308 664 1389 praesupponit
681 1308 713 1369 in
737 1328 795 1369 sua
811 1309 947 1371 actione.
972 1309 1036 1372 Sed
1059 1319 1186 1372 natura.

214 1416 246 1477 in
270 1437 328 1478 sua
350 1416 479 1477 actione
502 1416 727 1496 praesupponit
752 1415 940 1490 materiam;
965 1436 1043 1497 ergo
1067 1416 1176 1496 prima
1293 1485 1294 1506 χ

215 1543 312 1584 causa
336 1543 400 1583 non
425 1521 603 1583 necessario
627 1522 853 1603 praesupponit
875 1523 1059 1598 materiam;
1084 1543 1183 1605 ergo„
1293 1509 1294 1584 i

216 1629 280 1693 Sed
305 1648 402 1691 omne
425 1629 489 1691 tale
512 1649 612 1710 agens
636 1629 677 1690 de
693 1628 793 1690 nihilo
810 1629 969 1710 producit.
987 1666 1030 1676 -
1052 1626 1172 1693 Contra

215 1737 312 1798 istam
337 1735 494 1797 rationem
518 1735 615 1816 aliqui
639 1735 760 1797 instant
783 1736 873 1816 quod
896 1735 1051 1816 quaelibet
1085 1737 1182 1798 intel·

214 1842 345 1925 ligentia
368 1851 415 1904 est
439 1862 538 1923 agens
562 1862 659 1922 supra
683 1822 844 1915 naturam,
869 1862 935 1904 non
958 1850 1068 1904 tamen
1098 1863 1187 1904 con--

213 1949 336 2011 ceditur
360 1949 449 2030 quod
473 1948 626 2029 quaelibet
649 1947 860 2029 intelligentia
883 1948 985 2029 possit
1008 1948 1050 2010 de
1071 1948 1174 2011 nihilo

214 2055 392 2136 producere
414 2064 447 2117 et
470 2076 585 2117 creare.
612 2054 678 2118 Sed
701 2054 790 2115 salva
813 2054 990 2116 reverentia
1022 2055 1186 2117 Doctoris.

214 2163 305 2236 illius,
330 2162 479 2243 quamvis
503 2162 563 2223 ista
586 2161 668 2223 ratio
691 2169 740 2223 est
763 2169 876 2222 contra
891 2160 1088 2243 Theologos,
1106 2182 1173 2225 non

213 2278 323 2330 tamen
339 2277 388 2330 est
411 2276 524 2329 contra
547 2267 764 2340 Avicennam,
790 2266 866 2348 quia
889 2268 958 2348 ipse
980 2268 1172 2330 concederet

214 2375 300 2438 istud
325 2374 553 2437 inconveniens
577 2374 618 2436 ad
642 2374 733 2454 quod
757 2373 888 2435 deducit
911 2373 1072 2447 instantia,
1089 2374 1172 2437 sicut

213 2490 302 2563 patet
326 2502 382 2562 per
406 2481 612 2543 Avicennam
637 2499 669 2561 9.
694 2478 840 2560 Metaplt.
870 2501 896 2542 c.
920 2498 952 2563 4.
978 2480 1065 2541 Nam
1097 2480 1174 2542 ima-

214 2588 342 2671 ginatur
366 2588 409 2650 ibi
433 2587 605 2650 Avicenna
629 2587 719 2669 quod
743 2587 849 2668 prima
872 2586 1083 2668 intelligentia
1099 2608 1185 2668 pro-x

213 2694 302 2757 ducit
325 2694 514 2767 secundam,
539 2703 571 2755 et
595 2694 654 2755 ista
678 2693 820 2755 secunda
843 2714 882 2755 eo
906 2693 976 2774 ipso
999 2693 1089 2774 quod
1106 2703 1187 2755 erat.

105 2869 107 2873 ¹
213 2801 255 2862 ab
279 2802 341 2863 alia
364 2801 584 2882 intelligentia,
610 2799 708 2862 habet
732 2800 951 2862 actualitatem
975 2800 1118 2880 aliquam
1142 2809 1188 2861 et

212 2907 491 2988 potentialitatem,
516 2916 548 2969 et
572 2907 616 2969 sic
633 2907 688 2967 illa
703 2907 845 2968 secunda
858 2906 1068 2987 intelligentia
1084 2906 1175 2968 intel-

211 3014 330 3096 ligebat
353 3014 423 3086 tria,
448 3014 566 3075 scilicet
590 3014 677 3074 illam
696 3012 844 3093 primam
869 3012 1123 3094 intellegentiam
1151 3033 1170 3073 a

209 3141 277 3201 qua
300 3129 356 3194 est,
381 3129 414 3181 et
436 3140 529 3181 suam
553 3120 719 3201 propriam
742 3119 976 3192 actualitatem,
1001 3129 1033 3180 et
1040 3118 1175 3199 passibi-

210 3228 347 3289 litatem.
364 3228 563 3307 lnquantum
580 3225 779 3307 intelligebat
790 3227 936 3305 primam
953 3247 1086 3287 causam
1106 3235 1188 3287 erat

212 3333 404 3415 productiva
427 3333 555 3395 alterius
594 3332 833 3413 intelligentiae;
873 3332 1069 3413 inquantum
1095 3352 1175 3394 vero

212 3440 410 3521 intelligebat
433 3460 526 3501 suam
544 3439 794 3518 passibilitatem
818 3438 1020 3520 producebat
1044 3438 1187 3517 orbem;.

211 3547 406 3627 inquantum
431 3566 508 3607 vero
532 3545 732 3627 intelligebat
748 3566 841 3607 suam
858 3545 1082 3607 actualitatem
1099 3566 1186 3625 pr0--
1216 3602 1218 3606 ,

211 3653 353 3715 ducebat
376 3652 530 3725 animam,
555 3672 630 3733 quae
654 3660 723 3714 erat
746 3650 851 3713 forma
874 3651 961 3713 orbis
985 3651 1144 3733 producti.
