2634 4267
273 279 338 341 262
523 276 598 341 Lm.
623 277 653 340 11
677 275 973 342 Sturnnrmxuu

250 483 397 546 cundum
420 482 600 545 veritatem.
630 481 745 562 Tertio,
780 480 806 544 si
840 481 952 545 omnia
976 483 1138 547 elementa
1163 505 1217 548 ve-

251 589 342 652 niant
363 590 407 653 ad
429 587 701 672 compositionem
726 584 833 654 mixti.

326 803 550 889 Quantum
559 804 837 888 adpremum,
850 812 898 866 est
910 824 977 866 una
990 804 1101 885 opinio
1113 826 1212 887 quam

250 911 362 975 recitat
385 909 602 992 Philosophus
624 929 654 973 1.
679 911 884 992 degenerat„
898 911 990 992 quod
1016 911 1213 993 impossibile

249 1027 299 1081 est
323 1017 516 1081 mixtionem
539 1037 617 1080 esse.
642 1017 687 1079 Et
712 1016 793 1079 ratio
817 1015 916 1097 hujus
939 1026 989 1078 est
1011 1019 1089 1100 quia
1113 1018 1212 1082 misci-

249 1124 324 1188 bilia
347 1133 404 1187 aut
428 1133 596 1186 manerent
618 1124 742 1186 salvata
765 1132 823 1186 aut
845 1132 1011 1206 corrupta,
1035 1134 1210 1187 autunum

247 1240 439 1314 corruptum
462 1240 495 1294 et
517 1231 606 1294 aliud
640 1230 811 1294 salvatum.
848 1230 925 1292 Non
960 1231 1067 1312 primo
1098 1233 1207 1304 modo,

248 1337 325 1422 quia
349 1358 415 1400 non
438 1347 485 1401 est
508 1338 590 1400 ratio
606 1358 706 1420 quare
718 1337 782 1400 sint
794 1337 867 1418 plus
880 1337 985 1400 mixta
1003 1358 1091 1400 nunc
1111 1359 1208 1420 quam

248 1444 346 1528 prius,
371 1465 447 1507 cum
472 1453 624 1507 maneant
647 1444 764 1506 eodem
797 1443 897 1506 modo
933 1454 1077 1506 nuncet
1112 1447 1207 1526 prius.

248 1553 319 1615 Nec
334 1552 478 1614 secundo
502 1551 612 1624 mod0‚
636 1550 713 1632 quia
737 1550 921 1614 nullatenus
949 1551 1037 1614 entia
1053 1573 1120 1614 non
1135 1561 1207 1614 sunt

247 1657 424 1733 miscibilia,
448 1658 505 1720 sed
528 1666 683 1739 corrupta
706 1667 782 1720 sunt
809 1657 995 1720 nullatenus
1017 1659 1114 1721 entia.
1140 1660 1204 1722 Nec

246 1766 342 1830 tertio
367 1765 477 1840 modo,
501 1764 578 1848 quia
602 1763 769 1827 miscibilia
796 1764 916 1826 debent
950 1785 985 1827 se
1009 1764 1206 1828 uniformiter

247 1871 376 1936 habere.

311 1979 376 2042 Ista
398 1977 510 2059 opinio
532 1986 582 2041 est
604 1977 693 2052 falsa,
719 1985 755 2040 ut
778 1985 870 2058 patet
893 1997 951 2059 per
968 1978 1199 2061 Philosophum

245 2104 276 2152 1.
300 2086 492 2167 degenerat.
517 2084 572 2147 ubi
597 2084 715 2167 quaerit
728 2084 898 2166 quomodo
911 2086 1079 2167 generatio
1102 2085 1202 2148 distin·

247 2191 357 2274 guitur
379 2211 399 2254 a
423 2191 591 2255 mixtione.

312 2300 387 2362 Ideo
414 2307 462 2360 est
486 2297 593 2379 opinio
628 2296 816 2370 Avicennce,
855 2298 939 2362 sicut
973 2298 1112 2381 imponit
1142 2298 1198 2360 sibi

247 2405 434 2470 Comment.
453 2423 487 2485 3,
512 2404 585 2468 caeli
605 2403 785 2479 elmundi,
808 2415 977 2470 comment.
994 2404 1048 2490 67.
1065 2405 1148 2487 quod
1171 2425 1198 2466 e

245 2513 387 2575 lementa
410 2520 563 2574 maneant
586 2511 618 2574 in
643 2510 749 2574 mixto
773 2531 839 2573 non
862 2511 996 2574 remissa
1028 2512 1197 2578 secundum

244 2618 469 2692 substantiam,
494 2617 644 2700 quamvis
668 2617 875 2680 remittantur
898 2620 1078 2682 secundum
1104 2617 1197 2699 quali-

244 2733 327 2788 tates
350 2725 506 2806 proprias.

312 2830 435 2895 Contra
458 2832 520 2894 hoc
544 2832 651 2914 arguit
676 2830 862 2895 Comment.
887 2831 950 2894 sic:
975 2832 1055 2895 item
1084 2839 1129 2895 est
1145 2830 1194 2910 ju-

244 2937 365 3001 dicium
389 2939 429 3001 de
452 2947 523 3001 toto
546 2947 579 3001 et
601 2939 642 3000 de
667 2947 774 3020 parte;
800 2959 878 3020 ergo
895 2938 921 3000 si
944 2939 1084 3021 qualitas
1097 2943 1193 3020 potest

244 3045 363 3107 remitti
387 3045 566 3107 secundum
591 3053 717 3126 partem
746 3054 902 3107 manente
937 3045 1113 3108 substantia
1133 3062 1193 3104 om-

243 3151 321 3214 nino
344 3172 410 3214 non
434 3152 576 3226 remissa,
600 3151 715 3214 eadem
740 3151 864 3214 ratione
889 3161 1029 3232 possunt
1049 3152 1192 3214 elementa
1283 3215 1284 3236 3

243 3278 374 3320 manere
386 3258 566 3320 seeundum
579 3257 794 3320 substantiam
808 3278 876 3320 rem
885 3257 947 3319 issa
958 3267 1029 3321 tota
1044 3256 1191 3339 qualitate.

244 3364 289 3426 Et
312 3364 356 3426 ita
379 3373 488 3445 posset
511 3385 580 3426 esse
603 3364 686 3446 ignis
710 3385 775 3426 non
800 3364 935 3440 caliduS,
968 3366 1059 3446 quod
1090 3371 1133 3424 est
1151 3360 1191 3420 in-

242 3472 446 3533 conveniens.
463 3507 508 3518 —
531 3471 576 3532 Et
599 3470 651 3533 hic
675 3471 753 3533 dicit
777 3470 896 3534 Scotus
920 3471 1011 3552 quod
1042 3471 1118 3533 ratio
1131 3486 1189 3529 non

243 3578 416 3652 concludit,
440 3577 516 3660 quia
540 3578 613 3640 licet
636 3577 676 3640 sit
698 3579 814 3640 eadem
842 3579 924 3640 ratio
949 3578 992 3640 de
1014 3587 1083 3641 toto
1104 3573 1187 3638 etde
1282 3639 1283 3664 ¹

243 3691 336 3762 parte
358 3683 440 3744 inter
462 3704 497 3744 se
522 3692 721 3764 comparata,
737 3704 801 3746 non
818 3692 929 3748 tamen
946 3694 1089 3767 respectu
1104 3679 1184 3744 tertii.
