2634 4267
225 270 270 347 64
470 267 543 331 Lm.
569 268 599 330 11
625 267 922 332 santumnium

203 494 259 555 per
283 472 543 554 applicationem,
569 474 651 535 sicut
663 494 739 535 cum
753 474 830 537 ulna
843 476 1028 557 applicatur
1046 497 1183 557 panno,

270 580 327 641 Ad
356 579 560 661 propositum
592 580 798 662 applicando.
831 582 905 644 dico
937 584 1026 663 quod
1058 583 1092 645 in
1114 606 1182 647 ac-

202 686 281 749 tuali
297 686 468 748 existentia
483 686 589 769 angeli
614 706 680 749 non
701 696 831 768 oportet
852 709 997 769 quaerere
1024 689 1183 771 aliquam

204 789 390 855 mensuram
422 792 637 866 intrinsecam,
670 793 767 855 aliam
799 815 818 856 a
849 803 964 857 natura
995 796 1095 878 ipsius
1127 799 1183 859 rei

203 908 408 961 mensuratae.
434 900 479 961 Et
509 899 534 961 si
557 899 655 962 debet
685 900 794 982 aliqua
826 921 977 963 mensura
1007 903 1087 983 poni
1120 903 1183 965 in-

201 1007 347 1080 trinseca,
373 1026 438 1068 non
463 1016 637 1087 poneretur
669 1007 728 1069 nisi
752 1007 847 1069 tertio
880 1008 990 1082 modo,
1014 1010 1092 1089 quia
1121 1010 1175 1072 ibi

202 1134 268 1175 non
291 1122 340 1175 est
362 1113 524 1175 excedens
547 1134 652 1194 neque
675 1134 856 1187 excessum,
881 1124 913 1176 et
943 1115 1042 1176 etiam
1070 1137 1182 1197 pone·

204 1229 291 1282 retur
315 1220 481 1301 pluralitas
505 1220 571 1282 sine
596 1220 793 1282 necessitate.
826 1221 902 1282 Non
926 1222 1032 1283 solum
1056 1231 1180 1285 autem

204 1348 269 1389 non
293 1334 341 1389 est
365 1346 493 1388 necesse
509 1347 630 1407 ponere
653 1327 775 1409 aliquid
792 1327 980 1390 absolutum
1003 1349 1063 1409 pro
1080 1350 1179 1392 men-

203 1455 277 1496 sura
300 1433 481 1495 existentiae
505 1433 708 1515 angelorum,
733 1434 789 1495 sed
825 1454 884 1496 nec
914 1434 1012 1496 etiam
1042 1435 1181 1498 relatio-

204 1561 279 1603 nem
304 1539 457 1621 aliquam,
474 1539 550 1621 quia
567 1559 632 1601 non
656 1547 704 1601 est
721 1538 772 1601 hic
789 1560 918 1602 necesse
933 1561 1055 1622 ponere
1070 1542 1178 1605 aliam

204 1647 403 1719 relationem,
436 1666 536 1728 quam
561 1646 655 1707 istam
688 1666 763 1726 quae
786 1656 834 1708 est
865 1648 906 1708 ad
937 1668 1069 1710 causam
1101 1651 1178 1711 effi-

204 1754 353 1826 cientem,
378 1752 435 1814 sed
459 1752 519 1813 ista
547 1772 612 1814 non
636 1760 685 1813 est
708 1752 794 1814 aliud
826 1774 845 1814 a
868 1752 1092 1828 fundamento
1115 1776 1178 1818 ex.

202 1879 236 1940 J.
261 1882 291 1923 a.
316 1877 347 1943 4.
371 1881 402 1941 q.
428 1878 457 1921 Ι.
482 1859 557 1921 dist.

278 2071 501 2157 Quantum
525 2072 591 2137 ad
608 2075 820 2155 quartum
845 2072 1096 2137 Ausculum
1120 2085 1178 2137 est

205 2179 316 2261 opinio
340 2178 470 2239 Henrici
495 2179 585 2259 quod
609 2178 814 2260 operationes
845 2179 950 2260 angeli
987 2179 1177 2243 intrinsecae

203 2286 286 2348 sicut
309 2285 485 2366 intelligere
508 2293 540 2346 et
564 2285 653 2358 velle,
680 2305 745 2346 non
771 2294 999 2347 mensurantur
1023 2306 1097 2348 aevo
1110 2290 1175 2349 sed

204 2402 352 2474 tempore
376 2392 523 2466 discreto,
548 2392 636 2473 quod
650 2391 806 2472 probatur
829 2392 892 2454 sic:
918 2392 1071 2453 Mensura
1093 2414 1172 2474 pro-

203 2500 405 2581 portionatur
423 2506 608 2560 mensurato
625 2498 669 2559 ita
692 2498 781 2578 quod
798 2518 949 2560 mensura
972 2518 1173 2579 permanen-

204 2606 244 2667 tis
267 2615 315 2668 est
344 2626 546 2686 permanens
578 2612 610 2665 et
633 2603 761 2666 fluentis
784 2613 831 2666 est
863 2604 975 2666 fluens
1001 2603 1066 2667 Sed
1090 2625 1175 2686 ope-

204 2713 343 2774 rationes
367 2711 474 2793 angeli
498 2711 581 2773 intra
598 2719 775 2784 manentes,
800 2719 875 2771 sunt
892 2720 1095 2773 transeuntes
1111 2712 1175 2773 ab·

204 2840 284 2901 sque
308 2817 513 2880 connexione
536 2818 694 2898 quianon
719 2818 876 2891 discurrit,
900 2827 933 2880 et
956 2817 1080 2898 absque
1099 2838 1175 2881 suc-

204 2926 347 2988 cessione
363 2924 438 3007 quia
463 2924 551 2986 nulla
567 2924 701 2985 istarum
725 2913 951 3005 operationum
973 2933 1022 2985 est
1044 2924 1077 2985 in
1094 2945 1176 2987 con·

204 3033 295 3094 tinua
319 3030 530 3114 acquisitione
553 3040 586 3093 et
610 3031 840 3112 deperditione.
866 3032 957 3112 Ergo
980 3051 1176 3112 correspon-

205 3138 293 3200 debit
321 3138 365 3199 eis
389 3158 540 3200 mensura
571 3137 695 3199 habens
718 3146 825 3218 partes
855 3144 1058 3199 transeuntes
1082 3138 1175 3199 ordi-

206 3253 297 3306 natas
320 3253 353 3306 et
376 3244 554 3306 dissimiles
580 3243 645 3307 Sed
669 3244 732 3305 tale
748 3253 797 3305 est
820 3252 951 3325 tempus
975 3244 1173 3325 discretum3

205 3372 293 3433 erge.

274 3457 315 3519 Si
326 3478 399 3519 vero
414 3467 583 3538 quaeratur
597 3476 698 3538 quare
713 3456 808 3518 istam
821 3456 1036 3538 quantitatem
1053 3456 1174 3518 discre-

205 3574 274 3626 tam
299 3584 364 3626 non
388 3564 481 3645 ponit
503 3563 698 3625 Aristoteles
721 3562 802 3624 inter
825 3563 947 3645 species
967 3562 1172 3644 quantitatis.

205 3670 427 3751 Respondetur
450 3670 539 3751 quod
556 3669 751 3731 Aristoteles
767 3669 859 3750 ponit
880 3668 1107 3751 intelligentias
1123 3690 1182 3732 es·.
