2634 4267
300 271 360 334 192
560 254 634 317 Lm.
659 256 690 318 11
714 254 1012 320 Snnrnurrrnuu
1056 277 1063 291 ·

274 469 352 524 nata
374 459 542 522 referendo
564 459 644 523 illud
659 460 842 523 inordinate
864 461 907 524 ad
922 482 1072 526 amorem
1089 464 1148 539 sui,
1163 473 1227 526 turn

273 568 350 649 quia
373 566 503 630 habitus
525 566 557 628 in
581 566 627 630 eis
649 576 699 630 est
722 566 863 649 perfecte
887 569 993 632 malus
1016 569 1050 633 in
1086 571 1228 642 termino,

273 683 308 738 et
329 673 403 736 ideo
425 672 656 756 perfectissime
679 673 811 738 inclinat
834 675 878 737 ad
910 663 1047 740 malum.
1080 677 1162 740 Alio
1190 687 1231 738 cst

274 780 382 863 opinio
403 780 447 842 ad
469 779 669 862 oppositum,
693 789 765 842 tum
800 781 878 862 quia
900 780 932 843 in
956 782 1002 844 eis
1026 793 1161 846 manent
1183 803 1229 844 na-

274 885 390 950 turalia
413 886 549 968 integra,
574 894 606 948 et
629 886 675 948 sic
697 894 745 948 est
768 886 800 948 in
824 886 869 949 eis
893 887 1060 951 inclinatio
1083 889 1229 952 naturalis

274 994 316 1057 ad
339 993 482 1069 bonum;
517 1001 590 1054 tum
613 992 691 1074 quia
714 992 836 1056 habent
866 1014 1001 1056 vermen
1032 995 1089 1076 qui
1119 1005 1167 1059 est
1190 1015 1228 1057 re·

276 1121 404 1163 morsus
426 1099 468 1162 de
497 1107 633 1181 peccato
664 1119 790 1174 eorum,
822 1108 855 1162 et
885 1100 936 1162 ille
966 1110 1060 1164 actus
1091 1123 1159 1165 non
1187 1110 1229 1163 est

276 1207 382 1270 malus
405 1205 586 1284 moraliter;
609 1214 682 1268 tum
706 1205 782 1286 quia
798 1205 876 1268 nihil
892 1215 941 1269 est
956 1206 1001 1269 ita
1024 1207 1057 1269 in
1078 1216 1229 1290 potestate

275 1322 386 1377 nostra
409 1313 492 1375 sicut
513 1321 606 1374 actus
628 1311 815 1387 voluntatis
832 1313 985 1376 voluntas
1001 1324 1114 1378 autem
1131 1322 1228 1397 potest

276 1421 472 1502 suspendere
501 1427 613 1482 actum
644 1419 775 1482 alterius
814 1418 988 1500 potentiae3
1021 1441 1101 1503 ergo
1134 1421 1227 1482 multo

277 1527 382 1608 magis
404 1534 515 1588 actum
539 1545 635 1587 suum
668 1545 708 1588 ne
739 1525 911 1588 inclinetur
931 1534 964 1588 et
994 1528 1072 1590 velit
1104 1528 1227 1590 malum.

277 1635 377 1696 Istam
400 1632 578 1694 secundam
606 1631 794 1713 opinionem
824 1632 970 1714 sequitur
1002 1633 1131 1709 Scotus‚
1161 1653 1227 1714 quae

276 1741 350 1822 plus
373 1739 489 1820 placet.
968 1799 969 1807 ,

345 1845 387 1908 Si
408 1866 482 1908 vero
504 1855 674 1926 queratur
695 1846 734 1908 do
757 1844 854 1908 tertia
885 1836 1036 1919 bonitale,
1072 1847 1188 1909 scilicet
1206 1845 1226 1906 si

276 1953 413 2035 angelus
449 1953 553 2014 malus
589 1952 692 2033 possit
731 1951 850 2014 habere
880 1953 1003 2015 bonam
1035 1954 1226 2016 voluntatem

278 2058 487 2132 meritoriam,
511 2058 677 2140 distinguo
700 2058 776 2139 quia
792 2057 853 2121 ista
869 2059 1050 2140 propositio
1067 2067 1172 2142 potest
1185 2077 1227 2120 ac-

278 2166 341 2248 cipi
364 2166 396 2227 in
421 2186 515 2227 sensu
538 2164 788 2247 compositionis,
823 2174 857 2227 et
886 2165 931 2227 sic
962 2174 1011 2228 est
1042 2165 1131 2240 falsa,
1161 2164 1226 2246 quia

278 2294 345 2336 non
368 2280 456 2334 stant
478 2271 584 2346 simul,
608 2271 700 2352 quod
722 2271 763 2334 sit
785 2271 922 2353 angelus
946 2273 1062 2346 malus,
1086 2282 1119 2336 et
1148 2269 1227 2353 quod

279 2379 399 2442 habeat
422 2378 543 2440 bonam
567 2377 782 2453 voluntatem,
807 2378 890 2440 sicut
913 2399 972 2440 nec
995 2378 1110 2441 album
1132 2384 1228 2460 potest

278 2507 347 2548 esse
370 2486 517 2567 nigrum3
541 2485 593 2547 vel
617 2493 727 2567 potest
750 2485 853 2566 accipi
877 2485 1058 2566 propositio
1081 2487 1114 2548 in
1144 2501 1227 2547 sensu

278 2591 463 2664 divisiones,
491 2599 523 2655 et
546 2591 591 2653 sic
615 2599 723 2672 potest
746 2611 815 2653 esse
837 2612 923 2666 vera,
952 2599 984 2653 et
1007 2599 1087 2654 tunc
1110 2599 1227 2674 praeter·

279 2699 377 2761 missa
400 2697 545 2781 potentia
569 2697 706 2779 logicali,
731 2697 855 2778 accipio
871 2697 1052 2780 potentiam
1069 2699 1183 2761 realem
1198 2701 1228 2756 ut

278 2805 488 2887 distinguitur
511 2805 543 2866 in
560 2803 742 2886 potentiam
758 2804 899 2866 activam
922 2812 955 2866 et
970 2805 1150 2885 potentiam
1165 2820 1227 2884 pas-

279 2908 393 2976 sivam.
418 2912 463 2974 Et
479 2911 504 2972 si
516 2910 674 2993 quaeritur
690 2911 732 2972 de
747 2910 893 2992 potentia
899 2909 1039 2991 passiva
1054 2910 1129 2973 dico
1149 2905 1226 2990 quod

278 3018 416 3100 angelus
439 3017 546 3079 malus
569 3017 652 3079 bene
676 3025 786 3098 potest
808 3016 900 3091 velle,
924 3016 1007 3078 idest
1037 3025 1144 3098 potest
1164 3031 1226 3076 earn

280 3125 432 3207 recipere,
455 3123 482 3185 si
504 3143 577 3185 eam
602 3123 694 3184 Deus
717 3121 916 3186 immitteret.
942 3121 976 3186 Si
1007 3130 1119 3185 autem
1149 3137 1226 3202 quae·

280 3239 369 3293 ratur
393 3230 434 3292 de
457 3228 603 3311 potentia
619 3237 656 3292 ut
668 3237 761 3291 notat
777 3229 936 3292 rationem
946 3227 1112 3310 principii
1130 3220 1227 3295 activi,

280 3337 390 3400 adhuc
412 3345 521 3419 potest
550 3357 619 3399 esse
650 3337 831 3418 dupliciter,
863 3336 940 3418 quia
972 3335 1025 3398 vel
1056 3335 1089 3398 in
1119 3333 1226 3397 ratione

281 3444 429 3526 principii
446 3443 616 3525 partialis,
640 3452 674 3506 et
701 3442 745 3505 sic
776 3451 886 3524 posset
916 3442 941 3504 si
971 3441 1060 3505 aliud
1092 3442 1226 3505 obstacu-

282 3552 350 3613 lum
374 3571 440 3613 non
465 3549 616 3625 haberet;
640 3550 691 3611 vel
720 3549 752 3611 in
784 3549 908 3612 ratione
939 3549 1088 3630 principii
1118 3543 1221 3612 totalis,

281 3656 381 3718 etsie
404 3676 470 3718 non
494 3664 613 3736 posset,
638 3656 715 3736 quia
738 3675 805 3717 non
829 3655 928 3718 habet
951 3654 1141 3718 charitatem
1163 3669 1225 3734 quae
