2634 4267
333 279 521 340 Drsrmcn.
547 279 592 340 111
617 276 764 359 Qomsr.
789 279 803 340 1
1004 291 1045 356 95

104 480 176 542 dico
199 482 297 563 quod
335 483 472 544 essentia
494 482 573 545 dicit
606 483 823 564 quidditatem
847 483 934 545 nude
956 503 1070 564 accep-

107 596 170 648 tam
188 589 259 650 sine
284 588 379 651 omni
396 597 554 674 respectu,
571 590 655 652 sicut
678 599 767 672 patet
783 611 840 672 per
863 589 1069 652 Avicennam

100 711 133 775 5.
156 694 329 776 Metaplz„
358 696 413 758 ubi
437 697 514 759 dicit
536 698 626 778 quod
642 697 801 779 equinitas
824 706 872 759 est
895 705 1023 758 tantum
1041 717 1072 758 e-

105 801 242 880 quinitas
267 823 332 865 nec
355 812 404 865 est
428 824 502 877 una,
528 823 586 866 nec
610 804 728 885 plures.
753 804 834 866 Esse
864 823 942 866 vero
964 823 1070 865 essen-

105 906 156 968 tiae
178 908 302 971 dicitur
328 909 360 971 in
392 911 636 991 comparatione
671 912 712 973 ad
736 911 847 973 Deum
870 909 931 972 sub
947 910 1071 972 ratione

107 1033 210 1076 causae
235 1015 396 1079 formalis.
414 1017 495 1079 Esse
510 1038 587 1079 vero
603 1018 784 1080 existentiae
801 1017 916 1079 dicitur
932 1016 965 1078 in
980 1036 1071 1079 com-

105 1121 271 1200 paratione
296 1123 340 1184 ad
365 1124 475 1185 Deum
499 1125 560 1187 sub
577 1125 700 1186 ratione
723 1143 830 1186 causae
846 1123 1021 1198 efficientia,
1038 1133 1071 1185 et

108 1225 202 1290 habet
226 1230 372 1309 gradum
397 1230 660 1294 determinatum.

170 1333 320 1399 Secundo
342 1346 391 1398 est
415 1338 597 1399 notandum
621 1358 682 1418 pro
705 1336 865 1400 solutione
894 1357 1068 1419 argumen-

104 1446 209 1501 torum
234 1443 369 1505 alterius
393 1443 562 1525 opinionis
587 1444 677 1525 quod
701 1464 769 1506 esse
793 1443 825 1505 in
849 1443 993 1525 potentia
1010 1464 1068 1524 po-

108 1551 166 1606 test
187 1568 257 1611 esse
281 1551 414 1613 duobus
439 1550 554 1624 modis,
579 1551 698 1612 scilicet
732 1550 882 1632 objective
904 1558 936 1611 et
951 1549 1070 1632 subjec-

107 1650 177 1713 tive.
203 1654 265 1717 Est
289 1677 372 1739 ergo
406 1657 528 1738 aliquid
552 1658 584 1720 in
616 1657 762 1740 potentia
795 1657 966 1740 subjective
989 1657 1071 1718 sicut

110 1761 237 1822 materia
261 1772 313 1825 est
336 1763 370 1824 in
394 1765 540 1846 potentia
562 1766 604 1826 ad
628 1763 785 1839 formam;
809 1763 968 1846 objective,
989 1763 1071 1825 sicut

108 1875 259 1930 creaturae
284 1869 417 1932 fuerunt
440 1871 473 1932 in
497 1871 641 1952 potentia
665 1880 741 1933 ante
764 1871 970 1934 creationem.

175 1973 281 2037 Tertio
305 1986 355 2039 est
378 1978 561 2039 notandum
584 1978 675 2058 quod
697 1977 819 2059 aliquid
843 1985 950 2058 potest
973 1977 1071 2058 parti-

111 2075 212 2157 cipare
234 2083 326 2145 aliud
349 2083 527 2164 subjective
562 2085 644 2147 sicut
679 2084 864 2165 subjectum
900 2083 1071 2164 participat

112 2182 300 2263 albedinem,
325 2199 358 2251 et
382 2191 541 2271 objective
557 2191 639 2255 sicut
662 2212 776 2254 omnes
799 2191 922 2253 colores
946 2191 1071 2272 partici-

112 2299 186 2367 pant
207 2294 403 2359 albedinem.

179 2399 262 2465 Dico
276 2425 355 2486 ergo
369 2406 459 2487 quod
475 2406 507 2467 in
519 2405 653 2487 Angelo
676 2414 724 2467 est
736 2404 928 2485 compositio
944 2424 987 2465 ex
1002 2424 1071 2467 esse

113 2525 144 2577 et
176 2517 313 2580 essentia
335 2524 493 2595 tanquam
516 2533 559 2574 ex
586 2511 716 2574 duobus
739 2512 989 2574 intentionaliter
1020 2511 1069 2572 vel

115 2620 284 2687 formaliter
307 2623 358 2685 vel
383 2620 553 2682 modaliter
576 2618 742 2680 distinctis.

174 2732 231 2794 Ad
244 2731 397 2813 primum
421 2735 651 2810 argumentum
676 2726 805 2788 alterius
835 2724 995 2807 opinionis
1012 2746 1056 2806 po

116 2841 174 2898 test
194 2839 310 2901 deduci
335 2836 377 2899 ad
400 2834 589 2916 oppositum
613 2833 675 2895 sic:
702 2831 801 2913 Quod
825 2842 872 2894 est
889 2832 1071 2894 indifferens

116 2942 154 3003 ad
175 2945 261 3008 aliud
286 2966 354 3008 non
378 2952 427 3006 est
449 2943 536 3004 idern
552 2960 628 3002 cum
645 2960 702 3016 eo;
727 2941 783 3002 sed
801 2960 898 3002 omne
914 2948 1069 3014 creatum,

116 3067 185 3111 curn
208 3053 307 3133 possit
332 3071 397 3113 non
421 3069 499 3122 esse,
516 3057 564 3110 est
580 3046 764 3110 indifferens
787 3048 829 3109 ad
853 3068 930 3120 esse,
955 3057 988 3109 et
1004 3066 1070 3107 non

116 3172 194 3230 esse;
215 3178 294 3241 ergo
318 3178 385 3219 non
410 3164 460 3218 est
483 3155 569 3217 idem
586 3154 676 3236 quod
699 3174 795 3216 suum
819 3174 897 3227 esse,
928 3153 1017 3234 quod
1034 3161 1070 3214 tu

120 3278 217 3342 negas.
240 3301 286 3312 -
320 3264 404 3326 Dico
427 3282 507 3344 ergo
541 3262 630 3343 quod
654 3281 723 3323 esse
757 3260 940 3322 indifferens
964 3267 1071 3340 potest

118 3383 180 3429 esse
199 3370 369 3453 dupliciter
384 3368 503 3431 scilicet
533 3367 693 3448 objective
708 3377 741 3429 et
765 3366 951 3447 subjective,
969 3375 1001 3427 et
1017 3366 1070 3427 illo

122 3471 226 3564 ultimo
241 3477 341 3540 modo
364 3475 501 3538 essentia
527 3483 560 3537 et
586 3495 655 3537 esse
689 3483 765 3536 sunt
798 3473 1010 3535 indifferentia
1022 3493 1071 3534 es-

121 3581 280 3646 sentialiter
304 3582 480 3665 loquendo
505 3581 674 3645 Sumendo
703 3589 813 3642 autem
831 3581 986 3663 majorem
1010 3600 1072 3661 pro

127 3681 325 3754 indifferentia
349 3687 537 3768 subjective,
560 3689 605 3750 sic
628 3696 677 3750 est
700 3686 788 3749 falsa.
