2634 4267
317 35 339 54 ,.,
364 9 642 50 &sawt-‘wrm’
651 9 660 16 ·“
675 9 912 46 ΤΤ*»*
922 11 1291 28 -ΤΤΤ

295 288 485 352 D1sr1ucr.
512 288 575 350 XII
603 286 789 368 QuAEsr.I
987 303 1047 369 235

128 491 151 553 si
171 492 297 555 materia
319 493 397 555 dicit
431 503 552 568 actum,
588 489 720 556 habebit
754 502 864 555 actum
899 493 1075 562 infinitum.

185 600 241 662 Ad
262 600 409 680 primum
432 600 505 662 dico
539 600 629 682 quod
654 608 691 662 ut
720 608 811 682 patet
840 621 882 662 ex
904 619 934 663 2.
967 603 1072 669 Artic.

127 707 208 786 quod
229 715 319 769 actus
342 715 391 770 est
407 707 540 788 duplex,
565 706 685 768 scilicet
701 715 793 768 actus
815 706 1002 770 entitativus
1018 709 1075 790 qui

125 813 292 894 opponitur
314 813 470 895 potentiae
487 812 669 894 objectivae,
692 822 726 876 et
741 822 834 876 actus
856 812 1000 877 formalis
1019 815 1075 896 qui

124 918 240 1000 perficit
262 919 442 1001 potentiam
466 919 689 1001 subjectivam.
714 919 854 1001 Antiqui
889 920 976 982 enim
1001 921 1077 983 Phi=

123 1025 243 1108 Iosophi
258 1034 438 1108 posuerunt
460 1026 551 1108 quod
567 1026 702 1089 materia
725 1035 773 1089 est
789 1048 845 1089 ens
862 1028 893 1089 in
917 1036 992 1090 actu
1009 1049 1078 1090 cor*

121 1153 217 1213 poreo
239 1141 271 1195 et
294 1131 421 1194 formali
444 1134 588 1195 secundo
612 1134 713 1196 modo
737 1133 843 1210 dicto;
878 1154 941 1216 ego
965 1143 1075 1197 autem

121 1259 185 1301 non
207 1239 250 1302 sic
274 1259 372 1321 pono,

184 1347 240 1408 Ad
259 1347 434 1408 secundum
458 1345 535 1408 dicit
558 1346 665 1408 Varro
688 1347 778 1428 quod
802 1348 908 1429 major
930 1356 978 1410 est
998 1347 1078 1414 falsa

119 1453 194 1534 quia
215 1453 335 1535 patitur
365 1452 551 1515 instantiam
575 1454 617 1514 de
639 1453 794 1516 alimento
829 1455 919 1536 quod
942 1455 1075 1516 advenit

117 1559 164 1621 rei
184 1559 333 1622 existenti
357 1559 389 1622 in
413 1569 497 1634 actu,
522 1569 554 1621 et
570 1568 680 1622 tamen
705 1580 770 1622 non
793 1569 842 1622 est
865 1561 892 1622 ei
917 1561 1078 1626 accidens*

118 1666 215 1730 Unde
237 1667 328 1749 quod
351 1667 482 1729 advenit
512 1667 557 1728 rei
580 1676 721 1729 actuatae
738 1668 924 1730 actualitate
947 1667 1075 1730 formali

116 1782 152 1835 et
173 1774 330 1848 ultimata,
354 1773 437 1836 bene
460 1783 508 1836 est
530 1774 559 1835 ei
583 1774 740 1847 accidens
777 1774 858 1836 sicut
882 1773 964 1837 infra
987 1784 1077 1857 pate-

117 1880 175 1955 bit,
198 1880 379 1961 quaestione
402 1881 443 1943 de
462 1880 649 1962 ⁴pluralitate
673 1879 862 1942 formarum.

184 1987 232 2049 Et
253 1987 359 2049 eodem
376 1987 467 2049 modo
490 1986 564 2049 dico
587 1987 629 2048 ad
649 1987 791 2061 tertium,
816 1988 906 2069 quod
929 2009 1014 2050 unus
1029 2009 1081 2050 ac«

116 2102 170 2154 tus
202 2101 311 2174 potest
333 2113 403 2155 esse
433 2093 617 2175 potentialis
640 2102 673 2155 et
696 2093 839 2156 formalis
874 2094 1082 2175 perfectibilis

117 2209 264 2281 respectu
289 2199 428 2274 alterius,
453 2208 595 2281 utpatet
618 2200 650 2262 in
671 2200 803 2263 homine
826 2201 994 2284 supposita
1011 2204 1082 2283 plu-r

116 2306 243 2369 ralitate
266 2305 455 2367 formarum.

181 2413 242 2475 Ad
261 2423 416 2493 quartum
439 2413 513 2480 dico
537 2414 839 2496 quodaccipiendo
876 2414 1081 2477 uniformiter·

116 2521 229 2602 major
263 2518 552 2582 habet¹veritatem
588 2521 648 2582 sub
673 2521 728 2583 tali
759 2543 864 2596 sensu,
889 2523 966 2603 quia
997 2522 1082 2586 sicut:

116 2636 208 2689 actus
232 2625 356 2707 primus
371 2626 427 2708 qui
451 2635 498 2688 est
523 2629 613 2689 Deus
629 2628 752 2690 nullam
777 2628 875 2691 habet
899 2629 1079 2710 potentiam

116 2733 280 2814 passivam
297 2732 339 2794 ad
361 2741 472 2794 actum
492 2732 673 2807 formalem,
698 2734 742 2796 sic
760 2735 893 2797 materia
917 2735 1022 2816 prima
1038 2755 1082 2801 ex

115 2860 149 2902 se
171 2839 301 2901 nullum
325 2837 423 2901 habet
446 2848 556 2901 actum
581 2839 760 2902 formalem.

158 2947 220 3008 Ad
241 2945 391 3026 quintum
416 2945 489 3008 dico
512 2947 602 3027 quod
625 2947 770 3027 potentia
793 2957 842 3009 est
865 2947 998 3030 duplex,
1017 2969 1085 3014 una

117 3072 189 3132 quae
215 3051 346 3133 respicit
369 3050 508 3113 formam
532 3051 564 3113 in
588 3050 665 3127 fieri,
691 3053 752 3115 alia
776 3075 850 3134 quae
875 3055 1004 3136 respicit
1021 3054 1086 3116 sors

119 3178 205 3221 mam
234 3158 267 3220 in
289 3178 358 3220 esse
380 3157 526 3238 subjecti.
552 3159 661 3220 Primo
686 3160 786 3221 modo
822 3162 968 3222 concedo
992 3161 1081 3242 quod

116 3272 229 3328 tantus
251 3273 300 3326 est
322 3273 414 3327 actus
429 3273 553 3346 quanta
575 3273 623 3327 est
641 3266 797 3346 potentia;
822 3267 965 3328 secundo
979 3269 1086 3331 ¹modo

119 3391 181 3434 non
197 3379 332 3453 oportet
346 3371 436 3452 quod
459 3380 551 3432 actus
568 3373 834 3454 proportionetur
858 3373 1013 3454 potentiae
1030 3373 1087 3436 ab«

118 3478 223 3555 solute
246 3487 399 3559 sumptae.
551 3459 554 3464 Α

184 3692 246 3756 An
278 3691 522 3754 ARGUMENTA
563 3700 805 3756 Pammenem.
840 3695 899 3756 Ad
919 3693 1079 3774 prz'mum,

123 3800 297 3863 auctoritas
320 3797 415 3860 solvit
430 3798 580 3880 seipsam,
604 3799 681 3881 quia
704 3799 820 3862 dicitur
843 3799 886 3862 ibi
910 3800 999 3880 quod
1016 3820 1087 3862 ma«
