2634 4267
252 218 319 295 426
521 216 595 279 Lm.
620 218 650 279 ΙΙ
675 217 971 280 SENTENmARuu

231 422 450 503 potentiarum
490 422 730 486 deformitatem
769 443 812 484 ex
846 443 886 484 eo
920 422 1009 503 quod
1044 421 1170 501 subjacet

232 548 377 611 imperio

304 742 529 827 Qerarttum
564 745 629 809 ad
659 744 849 827 tertium,
885 743 1033 824 quamvis
1063 750 1174 803 certum
1286 759 1288 786 =

231 849 270 911 sit
293 850 383 931 quod
407 850 527 912 locutio
550 859 582 913 et
606 851 752 932 operatio
778 850 949 930 subjacent
980 848 1105 930 imperio
1125 867 1175 907 vo

232 956 372 1029 luntatis,
397 956 534 1019 dubium
558 967 670 1019 tamen
692 967 742 1019 est
765 958 806 1018 de
828 957 1027 1038 cogitatione
1038 975 1105 1037 quae
1117 974 1173 1015 non

136 1111 139 1119 .
231 1063 358 1125 videtur
382 1064 548 1144 subjacere
564 1064 700 1145 imperio
717 1064 895 1126 voluntatis
914 1084 993 1125 cum
1016 1062 1174 1143 imperatur
1286 1111 1288 1132 ,

231 1170 273 1231 ab
296 1190 343 1241 ea,
367 1179 400 1231 et
423 1170 467 1231 sic
490 1170 653 1233 videretur
676 1170 771 1232 alicui
795 1170 885 1251 quod
909 1190 976 1231 non
997 1177 1075 1230 esset
1094 1169 1123 1228 in
1143 1186 1177 1226 ea

232 1285 421 1357 peccatum;
446 1278 535 1357 quod
559 1286 669 1339 autem
693 1296 759 1338 non
783 1277 963 1357 imperatur
986 1297 1005 1337 a
1027 1275 1178 1337 voluntate

231 1384 398 1464 probatur.

297 1490 412 1553 Primo
428 1490 482 1563 sic,
507 1491 548 1553 ad
573 1490 650 1552 nihil
666 1500 775 1552 movet
788 1490 939 1552 voluntas
951 1490 1011 1551 nisi
1023 1488 1062 1551 sit
1073 1506 1181 1569 praeco
1286 1503 1288 1530 ²

232 1598 377 1679 gnitum;
402 1598 458 1659 sed
482 1597 637 1679 cogitatio
654 1607 785 1659 nonest
804 1596 1016 1681 praecognita,
1029 1595 1102 1676 quia
1111 1602 1180 1654 tunc
1286 1637 1288 1680 1

231 1713 312 1766 θεεθῖ
336 1704 537 1785 praecognita
564 1726 621 1785 per
656 1704 763 1778 aliam,
788 1714 820 1765 et
854 1712 1055 1785 quaereretur
1078 1702 1115 1763 de
1135 1700 1181 1759 illa
1286 1713 1288 1726 ¹

230 1812 312 1873 sicut
336 1812 376 1872 de
400 1812 514 1892 prima,
538 1820 571 1873 et
594 1811 638 1873 sic
662 1812 694 1872 in
719 1810 902 1885 infinitum;
927 1830 1017 1891 ergo.

299 1917 444 1980 Seczmdo
467 1918 527 1979 sic:
553 1918 584 1979 in
609 1918 713 1979 causis
736 1938 793 1999 per
816 1938 867 1979 se·
884 1918 916 1978 in
952 1917 1067 1979 eadem
1090 1914 1184 1995 specie

232 2045 297 2086 non
322 2033 429 2105 potest
451 2045 519 2086 esse
554 2026 720 2087 circulatio
754 2046 796 2086 ex
830 2043 860 2087 Ι.
892 2024 999 2095 Post.;
1023 2024 1081 2085 sed
1106 2021 1184 2083 intel·
1286 2009 1288 2052 ³

232 2131 325 2193 lectio
349 2132 415 2193 sive
438 2131 593 2212 cogitatio
617 2141 664 2193 est
688 2153 745 2213 per
758 2152 792 2192 se
803 2138 901 2192 causa
913 2130 1092 2205 volitionis;
1114 2148 1185 2209 ergo
1286 2121 1288 2196 ζ

231 2237 382 2299 voluntas
406 2259 470 2299 non
495 2247 543 2300 est
566 2259 622 2319 per
646 2259 680 2300 se
704 2259 800 2299 causa
823 2238 1040 2319 cogitationis.

305 2346 335 2407 Τ
330 2346 409 2407 ertio
432 2345 493 2405 sic:
530 2366 627 2407 causa
663 2366 719 2426 per
754 2366 788 2406 se
822 2343 983 2406 sufficiens
1006 2345 1050 2406 ad
1077 2343 1185 2424 produ·
1286 2361 1288 2418 3

232 2452 373 2513 ctionem
409 2451 457 2511 sui
492 2450 624 2513 effectus
659 2472 725 2513 non
758 2451 890 2532 requirit
925 2451 1021 2511 aliam
1047 2468 1184 2521 causam;

232 2560 288 2620 sed
312 2557 454 2639 perfecta
477 2578 574 2619 causa
601 2558 807 2639 cogitationis
841 2558 908 2620 sive
939 2557 1125 2619 intentionis
1145 2565 1186 2617 est

233 2664 398 2738 memoria,
424 2666 506 2727 sicut
528 2674 619 2747 patet
643 2666 675 2727 in
696 2665 829 2742 divinis;
842 2685 922 2747 ergo
938 2686 1005 2726 non
1025 2665 1187 2745 requiritur
1286 2707 1288 2748 3

232 2772 392 2833 voluntas.

300 2880 534 2942 RESPONDEO.
550 2879 611 2940 Hic
625 2900 713 2959 pono
725 2880 821 2940 istam
834 2878 1091 2960 propositionem
1107 2876 1187 2957 quod

232 2984 410 3046 necessario
435 2995 564 3066 oportet
595 2986 738 3066 aliquam
756 2986 1005 3048 intellectualem
1029 2969 1188 3065 cogitatio-

233 3112 308 3153 nem
332 3112 400 3152 esse
424 3092 616 3173 imperatam
634 3094 843 3162 avoluntate.
856 3102 928 3154 tum
944 3092 1021 3173 quia
1045 3091 1186 3152 voluntas

235 3198 394 3259 convertit
417 3207 449 3259 et
472 3198 587 3259 avertit
601 3199 799 3261 intellectum
815 3201 858 3261 ab
871 3220 937 3260 uno
949 3197 1138 3279 intelligibili
1159 3197 1186 3257 in

232 3306 329 3377 aliud,
355 3314 425 3365 tum
449 3306 527 3386 quia
550 3306 760 3386 Augustinus
783 3306 860 3367 dicit
879 3325 913 3388 j.
931 3307 970 3367 de
992 3305 1082 3366 Trz'n.
1107 3303 1186 3385 quod

232 3414 382 3472 voluntas
406 3412 476 3473 unit
510 3422 543 3473 et
577 3412 710 3492 copulat
741 3412 984 3493 intelligentiam
1009 3411 1101 3492 proli,
1125 3419 1186 3472 tum

233 3518 309 3598 quia
333 3518 410 3579 dicit
433 3517 650 3599 Philosophus
670 3537 705 3598 j.
730 3520 768 3580 de
802 3518 927 3580 Anima
961 3519 1052 3598 quod
1084 3517 1186 3578 intelli-

233 3624 341 3701 gimus
364 3644 440 3683 cum
464 3625 616 3685 volumus
626 3644 633 3699 ;
658 3626 715 3686 sed
743 3624 908 3706 distinguo
942 3624 1020 3705 quia
1042 3633 1091 3685 est
1113 3624 1188 3706 cogi-
