2634 4267
325 256 515 317 Drsrrucr.
540 256 553 317 Ι
579 254 726 336 QUAEsr.
751 256 799 318 IV
1023 270 1062 337 35

93 462 258 543 tingitur
286 460 346 522 nisi
377 460 557 523 secundum
596 460 836 523 distinctionem
871 460 1085 537 fundamenti3

93 588 201 649 -ergo
233 602 281 613 -
305 566 405 629 Sexto
427 566 535 648 arguit
550 566 594 628 sic
618 567 753 647 quidam
772 569 912 629 Doctor:
937 568 1088 650 Impossi-

95 674 172 736 -bile
198 683 253 736 est
279 673 370 755 quod
390 674 498 755 aliqua
521 694 570 735 res
582 682 690 735 creata
715 673 835 736 habeat
858 694 958 755 penes
975 695 1009 737 se
1031 695 1087 737 en·

105 782 227 843 titates
259 778 423 856 infinitas;
454 780 510 842 sed
534 780 559 841 si
587 780 709 854 relati0,
742 789 822 861 puta
853 781 1008 843 distantia
1038 791 1088 844 est

104 888 202 949 aliud
221 908 241 948 a
260 907 322 948 suo
338 884 561 960 fundamento
579 886 723 967 sequitur
747 887 837 960 illud,
854 887 973 949 scilicet
996 888 1086 968 quod

94 994 227 1075 aliqua
251 1001 398 1054 creatura
422 991 540 1053 habeat
563 1012 662 1073 penes
685 1013 719 1053 se
742 993 891 1055 entitates
925 991 1082 1055 infinitas.

107 1100 277 1161 Probatio
293 1098 448 1161 minoris:
473 1100 532 1161 Pes
560 1119 682 1160 muscae
707 1098 805 1161 habet
826 1100 994 1187 distantias
1018 1098 1085 1161 infi-

109 1208 200 1268 nitas
226 1215 261 1268 et
291 1206 432 1267 diversas
462 1207 505 1267 ad
536 1205 677 1267 diversas
708 1214 815 1287 partes
846 1206 1003 1280 universi3
1028 1207 1084 1269 sed

109 1322 229 1394 partes
253 1312 393 1373 universi
417 1320 492 1373 sunt
515 1311 668 1389 infinitae;
692 1333 781 1393 ergo.

194 1416 317 1483 Contra
341 1419 439 1481 ostam
462 1419 642 1504 opinionem
659 1420 767 1501 arguit
791 1419 918 1493 ScotuS,
935 1430 967 1482 et
991 1420 1087 1502 bene„

106 1527 226 1607 primo
250 1526 308 1587 sic:
336 1526 480 1607 Quando
503 1526 611 1606 aliqua
634 1526 701 1587 duo
725 1526 769 1587 sic
793 1546 826 1587 se
849 1526 971 1588 habent
994 1526 1083 1607 quod

112 1644 286 1714 utrunque
309 1641 357 1695 est
381 1633 473 1706 reale,
497 1642 529 1694 et
555 1653 657 1694 unum
684 1642 791 1714 potest
815 1653 945 1695 manere
983 1633 1083 1695 altero

101 1761 184 1801 ‘non
204 1748 366 1812 manente,
393 1740 446 1801 illa
461 1739 707 1820 distinguuntur
723 1740 847 1801 realiter
857 1762 864 1817 ;
890 1741 947 1801 sed
964 1738 1077 1801 fun'da-

116 1854 273 1908 mentum
309 1854 357 1907 est
380 1846 511 1927 aliquod
545 1846 638 1919 reale,
663 1854 696 1907 et
721 1847 833 1907 relatio
868 1846 1022 1920 similiter,
1047 1856 1083 1908 ut

103 1954 298 2035 probatum
315 1960 364 2013 est
387 1971 417 2014 Ι.
441 1954 529 2027 Art„
554 1961 586 2014 et
609 1951 859 2015 fundamentum
884 1961 991 2034 potest
1015 1974 1083 2015 ma-

113 2080 194 2121 nere
231 2059 386 2120 relatione
420 2080 485 2121 non
511 2068 676 2135 manente;
713 2060 821 2141 igitur.
845 2061 961 2141 Major
994 2069 1083 2140 patet

103 2187 174 2247 per
200 2165 360 2226 rationem
396 2166 583 2247 Philosophi
608 2185 637 2228 1.
674 2165 790 2247 Phys„
816 2167 892 2247 quia
915 2187 972 2247 per
995 2166 1081 2227 illam

103 2272 322 2354 praemissam
347 2272 464 2353 probat
487 2274 576 2353 quod
606 2274 740 2334 materia
763 2273 869 2334 differt
896 2273 947 2334 vel
972 2273 1082 2335 distin-

104 2380 229 2460 ·guitur
254 2379 379 2440 realiter
402 2400 422 2440 a
444 2378 559 2453 forma,
595 2389 628 2442 et
657 2398 689 2462 4.
715 2378 816 2460 Phys.
853 2400 909 2461 per
943 2380 1080 2441 eandem

119 2486 324 2567 praemissam
349 2486 465 2566 probat
489 2487 578 2567 quod
603 2486 695 2547 locus
719 2486 926 2567 distinguitur
957 2487 1081 2549 realiter

105 2613 136 2652 a
160 2592 280 2653 locato.
305 2592 423 2654 Minor
444 2593 610 2673 probatur,
644 2593 720 2673 quia
755 2602 863 2674 potest
887 2614 1016 2655 manere
1040 2596 1082 2656 al-

118 2699 206 2760 bedo
231 2698 439 2760 similitudine
462 2719 527 2761 non
555 2709 715 2761 manente.
740 2736 785 2746 -
809 2699 954 2761 Secundo
974 2701 1081 2782 arguit

108 2805 180 2866 sic:
206 2806 342 2867 Nullum
367 2804 495 2867 linitum
519 2807 663 2868 continet
691 2808 871 2869 secundum
904 2806 1080 2888 perfectam

120 2912 334 2985 identitatem,
359 2913 508 2993 opposita
531 2912 724 2998 formaliter;
749 2915 805 2975 sed
830 2914 861 2975 in
878 2915 994 2975 eodem
1011 2913 1080 2976 sun-

105 3019 275 3080 dumento
298 3028 434 3099 possunt
457 3017 583 3081 fundari
608 3021 768 3101 oppositae
786 3021 968 3095 relationes;
991 3042 1079 3102 ergo,

117 3126 271 3188 Probatio
295 3126 442 3197 minoris,
470 3126 545 3206 quia
574 3128 754 3188 secundum
789 3129 926 3189 eandem
959 3128 1080 3190 albedi-

116 3253 190 3294 nem
216 3240 325 3314 potest
348 3232 507 3294 Martinus
530 3253 598 3294 esse
619 3234 729 3295 similis
753 3234 848 3295 Petro
871 3243 904 3295 et
920 3234 1080 3295 dissimilis

115 3339 241 3419 Joanni.
256 3376 301 3386 -
319 3339 422 3401 Tertio
435 3339 494 3400 sic:
514 3339 675 3402 Contenta
693 3340 724 3401 in
741 3340 901 3421 aliquibus
914 3362 971 3421 per
991 3341 1080 3402 iden-

103 3447 241 3509 titatem
256 3446 362 3527 magis
374 3446 423 3507 vel
441 3466 505 3507 non
531 3446 636 3508 minus
654 3447 897 3528 distinguuntur
920 3448 953 3508 in
977 3448 1079 3509 conti-

114 3552 266 3615 nentibus
291 3551 397 3632 magis
417 3551 588 3629 distinctis;
614 3554 670 3615 sed
691 3553 860 3615 relationes
880 3554 1025 3616 sundatae
1046 3554 1078 3617 in

104 3661 244 3723 duobus
269 3656 454 3741 generibus,
479 3658 585 3721 minus
608 3660 760 3723 differunt
783 3681 882 3741 quam
899 3662 974 3722 duae
999 3661 1080 3723 rela-
