2634 4267
296 273 359 335 342
539 257 613 318 Lm.
637 258 668 319 ΙΙ
693 257 988 322 SEN'rENmRUM

336 462 395 525 Ad
413 462 525 525 aliud·
543 471 777 545 argumentum
813 473 897 526 esset
932 473 1046 527 contra
1067 486 1125 537 eos,
1146 465 1215 547 quia

268 569 448 632 intellectus
482 569 632 651 intelligit
666 590 723 651 per
760 570 900 651 specieS,
936 572 1085 633 voluntas
1116 582 1213 633 autem

268 696 337 739 non
357 676 462 739 tendit
484 676 517 738 in
541 676 708 757 objectum
746 677 910 739 mediante
944 679 1052 759 specie
1065 694 1066 699 ’
1080 680 1130 741 sed
1158 679 1213 739 im·

269 782 418 856 mediate,
430 792 464 845 et
486 783 531 844 sic
546 793 629 845 esset
645 783 792 846 nobilior.
812 784 912 847 Unde
926 785 1002 847 dico
1019 786 1105 867 quod
1119 794 1211 856 totum

268 889 348 951 illud
371 898 599 971 aggregatum,
616 890 737 952 scilicet
752 891 878 952 bonum
896 892 1077 973 cognitum,
1093 912 1150 953 non
1169 900 1214 952 est

269 995 413 1078 primum
451 996 616 1077 objectum
652 996 829 1060 voluntatis
868 999 924 1060 sed
963 999 1212 1070 solumbonum,

269 1102 420 1183 quamvls
442 1111 553 1165 tamen
577 1102 640 1165 hoc
667 1103 769 1184 possit
804 1125 837 1165 se
872 1105 1050 1167 extendere
1072 1105 1109 1167 ad
1130 1104 1212 1165 ratio-

268 1229 346 1271 nem
370 1208 462 1271 entis.
842 1282 843 1285 Ἴ

336 1315 393 1377 Ad
414 1314 570 1378 ultimum
594 1316 669 1377 dico
703 1318 793 1397 quod
828 1317 972 1399 dirigens
1003 1338 1060 1399 per
1092 1318 1210 1379 modum

268 1422 391 1485 consilii
415 1442 480 1484 non
504 1432 552 1484 est
575 1422 716 1485 nobilius
731 1423 865 1497 directo,
889 1424 934 1485 sic
958 1425 1058 1487 etiam
1078 1433 1156 1506 patet
1175 1423 1212 1483 de

269 1537 419 1610 portante
442 1529 611 1591 candelam
634 1538 711 1592 ante
745 1530 934 1606 dominum;
961 1531 1134 1594 intellectus
1162 1550 1210 1590 au-

269 1644 336 1699 tem
368 1634 474 1719 dirigit
508 1656 565 1717 per
600 1634 737 1697 modum
772 1636 895 1699 consilii
931 1646 964 1700 et
1000 1658 1066 1701 non
1087 1636 1212 1719 imperii;

268 1741 342 1804 ideo
365 1761 430 1803 non
454 1751 503 1804 est
526 1742 672 1805 nobilior.

335 1955 395 2017 Ao
435 1970 574 2019 PRIMUM
613 1971 832 2019 PRINCIPALE
876 1957 949 2018 dico
988 1959 1079 2039 quod
1114 1976 1211 2038 quam-

268 2062 316 2125 vis
340 2061 441 2124 homo
464 2063 636 2125 conveniat
659 2084 735 2125 cum
767 2064 865 2126 bruto
900 2064 932 2126 in
967 2065 1111 2145 appetitu
1132 2061 1212 2125 sensi-

268 2170 345 2243 tivo,
371 2190 436 2232 non
459 2178 570 2231 autem
594 2170 747 2232 convenit
770 2192 846 2233 curn
878 2192 917 2233 eo
952 2171 985 2233 in
1017 2172 1154 2253 appetitu
1175 2169 1211 2229 in·

267 2276 429 2338 tellectivo
452 2276 493 2337 de
519 2297 586 2359 quo
620 2278 767 2358 superius
802 2278 990 2359 quaerimus,
1018 2279 1119 2340 immo
1149 2296 1212 2339 curn
1281 2290 1282 2297 ’

268 2382 330 2444 isto
353 2382 500 2464 appetitu
524 2384 677 2445 convenit
700 2403 776 2445 cum
800 2384 952 2466 Angelis„
