2634 4267
289 329 355 394 274
544 314 619 377 Lm.
644 313 675 376 11
699 313 994 377 Seurunrmuun

265 519 310 582 ita
333 539 399 582 nou
421 527 471 582 est
493 518 674 582 substantia
698 538 756 580 nec
779 517 928 580 accidens
952 518 1104 599 quamvis
1136 517 1213 579 redu·

266 634 357 688 catur
380 625 423 688 ad
446 645 551 707 genus
573 623 772 687 substantiae.
798 625 919 687 Videas
943 623 1008 687 hoc
1032 624 1170 686 diffusius
1186 622 1212 684 in

266 732 496 795 Bonavcntura
519 731 545 796 si
573 731 621 794 vis
644 731 821 814 intelligere
844 732 960 795 verius.

337 837 457 902 Contra
470 839 567 901 istam
583 839 764 919 opinionem
776 839 923 921 arguitur
935 859 992 920 per
1002 836 1212 920 Augustinum

262 945 350 1030 pole
379 946 469 1008 Trin.
494 946 584 1026 quod
608 945 640 1007 in
665 946 760 1008 rebus
784 945 907 1019 creatis
920 946 1011 1027 quod
1036 965 1102 1007 non
1120 963 1214 1006 secun·

266 1053 346 1115 dum
371 1052 587 1115 substantiam
609 1052 737 1127 dicitur,
761 1060 859 1114 restat
883 1062 920 1114 ut
942 1053 1123 1114 secundum
1148 1051 1214 1112 acci·

266 1160 346 1222 dens
369 1160 506 1224 dicatur.
531 1195 572 1206 -
598 1158 690 1221 Idem
715 1159 847 1223 Boetius
869 1169 904 1232 et
927 1158 1114 1241 Simplicius
1134 1168 1216 1239 snper

259 1266 518 1347 praedicamento
542 1266 672 1328 dicunt:
698 1285 807 1366 omne·
820 1265 909 1348 quod
932 1274 990 1339 est,
1016 1275 1073 1327 aut
1095 1274 1141 1327 est
1151 1264 1214 1326 sub-

266 1374 384 1436 stantia
411 1382 468 1435 aut
503 1373 664 1446 accidens
700 1382 732 1436 et
766 1382 836 1435 tota
870 1372 1079 1454 philosophia
1111 1372 1213 1435 clamat

266 1480 356 1562 quod
380 1479 462 1541 inter
485 1479 700 1542 substantiam
724 1489 756 1542 et
788 1479 937 1541 accidens
972 1500 1039 1541 nou
1074 1486 1120 1540 est
1150 1478 1213 1539 dare

268 1587 422 1649 medium.

335 1694 400 1756 Sed
423 1692 506 1755 forte
528 1694 573 1756 sic
599 1714 664 1755 uon
689 1702 746 1766 est,
771 1713 830 1755 nec
854 1691 1074 1774 Philosophus
1101 1692 1142 1754 sic
1162 1691 1212 1752 cla·

268 1809 336 1861 mat
359 1800 435 1880 quia
460 1800 711 1862 Commentator
741 1800 829 1862 circa
858 1799 1065 1880 principium
1099 1798 1164 1860 cosli
1190 1806 1214 1857 ot

267 1905 393 1979 murrii,
419 1906 495 1967 dicit
519 1907 609 1987 quod
633 1905 715 1968 inter
740 1905 955 1968 substantiam
981 1906 1211 1968 etaccideusest

267 2014 344 2074 dare
368 2013 524 2076 medium.
539 2013 583 2074 Et
596 2012 768 2075 Aviceuna
780 2012 964 2093 expressius
977 2031 1006 2074 Ι.
1016 2023 1103 2094 part.
1127 2009 1153 2074 ό.
1168 2029 1211 2070 no-

266 2119 427 2181 tnralinnz
451 2140 476 2182 c.
501 2137 531 2180 Ι.
558 2119 635 2181 dicit
659 2119 721 2181 sic:
746 2119 897 2200 possibile
919 2128 969 2182 est
997 2120 1087 2201 quod
1110 2114 1209 2197 aliquid

266 2224 306 2286 sit
330 2226 362 2286 in
386 2225 495 2306 aliquo
520 2247 586 2287 non
616 2235 651 2288 ut
689 2227 838 2309 accidens
872 2245 932 2287 nec
968 2234 1005 2287 ut
1036 2221 1208 2297 substantia3

266 2332 341 2393 vide
365 2332 408 2393 ibi
432 2331 516 2393 circa
541 2333 687 2394 medium
711 2333 852 2413 capituli.

126 590 132 637 l

333 2546 440 2612 Ideo
463 2552 531 2611 out
553 2547 682 2612 tertio
708 2547 947 2634 opo'm'oquae
971 2548 1050 2610 dicit
1066 2546 1149 2628 quod
1165 2563 1209 2624 po-

267 2654 378 2715 tentia}
402 2654 521 2715 animae
546 2655 609 2716 sint
633 2652 720 2715 idem
752 2653 828 2716 cum
863 2654 1000 2716 essentia
1023 2655 1147 2726 animas,
1167 2647 1209 2711 sed

267 2759 512 2841 distinguuntur
536 2761 661 2823 realiter
686 2761 769 2823 inter
793 2781 826 2822 se
850 2760 926 2842 quia
962 2770 1038 2822 sunt
1070 2768 1167 2842 partes
1185 2775 1210 2814 a·

268 2866 376 2928 nimae.
404 2865 503 2946 Quod
527 2868 686 2947 probatur
710 2867 754 2929 sic
789 2888 845 2947 per
881 2861 1116 2948 Philosophum
1143 2883 1163 2933 3.
1182 2861 1211 2924 de

266 2972 391 3034 Anima
418 2973 473 3035 ubi
497 2974 587 3051 dicit3
603 2975 644 3035 de
656 2982 748 3054 parte
760 2973 879 3035 animae
896 2994 962 3055 qua
986 2974 1150 3056 cognoscit
1163 2979 1210 3032 etc.

269 3079 361 3140 Idem
372 3080 505 3141 Boetius
519 3080 572 3142 lib.
586 3080 789 3142 divisionum
803 3071 979 3161 dicitquod
992 3081 1105 3143 divisio
1113 3079 1211 3141 anima

268 3184 301 3246 in
318 3186 479 3266 potentias
492 3196 540 3248 est
553 3187 636 3248 sicut
648 3187 765 3248 divisio
777 3187 877 3248 totius
900 3187 932 3247 in
949 3196 1058 3268 partes
1073 3184 1210 3250 virtuales.

341 3291 469 3354 Contra.
496 3293 708 3374 Augustinus
720 3312 752 3374 9.
777 3294 815 3354 do
845 3294 875 3354 T
870 3293 934 3358 rin.
951 3293 1029 3356 dicit
1042 3295 1127 3375 quod
1142 3309 1212 3372 quae·

270 3397 347 3459 libet
370 3399 504 3460 istarum
540 3401 760 3480 potentiarum
796 3399 1023 3480 complectitur
1058 3409 1154 3463 totam
1177 3415 1212 3456 es-

269 3504 407 3566 sentiam
432 3506 571 3581 animae;
596 3506 653 3567 sed
669 3527 744 3586 pars
768 3526 833 3567 non
857 3507 1085 3587 complectitur
1106 3515 1210 3572 totum3

269 3630 365 3690 ergo.
390 3648 435 3657 —
458 3607 617 3674 Praeterea
641 3622 748 3692 partes
762 3615 952 3694 praecedunt
967 3625 1076 3677 totum
1092 3611 1209 3692 originel

269 3715 326 3774 sed
358 3715 601 3779 intellectuset
624 3719 776 3781 voluntas
806 3741 872 3783 nou
907 3723 1096 3803 praecedunt
1127 3733 1209 3780 essen·

269 3817 349 3877 tiam
374 3819 514 3898 animae;
539 3843 627 3903 ergo,
