2634 4267
271 255 460 316 Disrmcr.
486 255 530 316 Ill
555 252 704 336 QuAEsT.
730 253 762 316 V
962 271 972 316 1
1005 269 1018 333 5

71 458 189 520 scibilis
214 460 260 520 ad
285 459 550 541 cognoscendum
568 469 678 541 posset
701 459 733 521 in
757 479 791 521 se
823 479 976 542 generare
999 469 1046 523 ta·

71 564 132 626 lem
157 564 327 639 habitum,
352 574 384 627 et
407 566 451 627 sic
474 576 556 628 esset
579 566 611 628 in
642 565 787 647 potentia
810 566 977 638 essentiali,
1002 566 1043 627 si-

68 680 122 732 cut
144 672 336 734 intellectus
360 682 477 745 noster,
502 673 591 754 quod
615 682 663 735 est
693 672 930 734 inconveniens.

140 779 174 840 T
166 779 255 841 ertio
279 778 341 840 sic:
360 777 538 858 Dionysius
553 778 630 840 dicit
654 779 689 840 in
707 778 777 840 Lib.
794 779 833 840 de
849 778 976 840 diau‘m's
992 800 1044 840 reo-

69 883 219 946 minibus
243 906 269 946 c.
296 903 326 968 7.
362 886 452 966 quod
483 885 644 947 connexio
679 885 817 946 universi
841 885 985 947 consistit
1009 885 1041 946 in

70 990 130 1052 hoc
146 993 254 1072 quod
279 1012 469 1073 supremum
486 990 672 1053 inferiorum
689 991 884 1072 conjugatur
900 1012 976 1053 cum
993 992 1041 1053 in-

68 1095 147 1159 fimo
172 1098 401 1179 superiorum;
426 1099 482 1160 sed
506 1117 696 1180 supremum
721 1099 753 1159 in
777 1098 962 1180 cognitione
979 1097 1037 1160 hu-

70 1224 170 1266 mana
182 1214 238 1266 est
250 1206 340 1286 quod
356 1214 533 1286 cognoscat
546 1214 699 1286 prompte
712 1224 768 1286 per
782 1204 929 1267 habitum
943 1205 1041 1269 scien-

69 1309 200 1389 tialem3
229 1331 309 1392 ergo
333 1306 520 1391 hujusmodi
533 1311 677 1393 cognitio
694 1312 846 1393 ponenda
869 1321 917 1372 est
937 1312 969 1374 in
985 1332 1041 1374 an-

71 1417 157 1496 gelo.

140 1523 272 1598 Quarto
302 1524 360 1586 sic:
385 1525 411 1586 si
432 1525 529 1586 nulla
553 1525 614 1586 alia
645 1535 727 1586 esset
763 1526 843 1587 ratio
867 1526 925 1587 nisi
949 1527 1039 1606 quod

71 1631 194 1709 species
219 1631 289 1693 sine
313 1630 424 1693 habitu
450 1652 515 1693 non
539 1631 657 1693 sufficit
679 1633 721 1693 ad
738 1631 913 1714 perfectam
930 1632 1040 1714 cogni-

71 1735 206 1812 tionem,
231 1746 265 1798 et
288 1736 418 1799 habitus
434 1736 594 1819 perfectus
610 1738 678 1799 sine
694 1739 801 1819 specie
817 1740 942 1814 sufficit,
960 1749 1039 1802 tunc

71 1840 189 1905 frustra
215 1844 347 1925 ponitur
371 1845 493 1924 species
516 1845 557 1906 ad
582 1853 694 1906 actum
719 1845 927 1928 intelligendi.
1066 1919 1068 1926 Α

142 1950 266 2013 Ultimo
290 1950 352 2013 sic:
377 1951 408 2011 in
441 1951 610 2013 voluntate
642 1972 708 2014 non
741 1962 908 2033 ponuntur
931 1952 1038 2034 aliqua

72 2056 163 2135 plura
188 2067 225 2119 ut
248 2057 406 2139 principia
421 2057 550 2120 volendi
575 2058 700 2120 diversa
716 2057 860 2139 objecta;
885 2080 963 2140 ergo
979 2081 1038 2122 nec

72 2162 103 2223 in
126 2164 292 2227 intellectu
317 2172 445 2245 oportet
469 2185 589 2246 ponere
612 2165 738 2226 diversa
762 2165 918 2247 principia
945 2167 1037 2228 intel-

72 2269 201 2350 ligendi,
225 2271 283 2333 sed
308 2271 424 2333 sufficit
458 2291 543 2333 unus
574 2270 703 2334 habitus
727 2272 758 2333 in
783 2271 943 2334 intellectu
969 2294 1038 2355 per-

72 2374 164 2439 fecto.

140 2479 281 2551 Contra
306 2481 421 2550 istam
436 2482 656 2569 opinionem
671 2485 817 2566 arguitur
834 2485 888 2559 sic,
913 2497 945 2548 et
961 2508 1035 2569 pro-

72 2587 165 2652 batur
189 2591 280 2672 quod
305 2611 370 2651 non
395 2600 502 2672 potest
517 2611 586 2652 esse
609 2612 674 2653 una
690 2592 770 2653 ratio
795 2602 965 2654 concreata
989 2594 1020 2655 in

73 2698 198 2778 angelo,
221 2719 299 2779 quae
323 2697 364 2759 sit
387 2697 469 2759 ratio
493 2699 712 2779 cognoscendi
737 2719 851 2760 omnes
874 2700 1036 2780 quiddita-

72 2810 131 2878 tes;
156 2805 233 2885 quia
257 2804 313 2866 ubi
337 2804 508 2884 pluralitas
531 2804 706 2866 numeralis
731 2805 861 2885 requirit
878 2806 1034 2886 majorem

74 2909 312 2988 perfectionem,
337 2910 379 2972 ibi
403 2909 545 2973 infinitas
562 2912 696 2993 pluralis
721 2912 851 2993 requirit
875 2912 1033 2975 infinitam

73 3016 311 3095 perfectionem.
344 3018 566 3099 Exemplum:
590 3018 615 3080 si
651 3039 745 3099 posse
769 3028 896 3100 portare
920 3020 1032 3082 decem

74 3125 215 3201 pondera
238 3123 371 3204 requirit
403 3124 560 3204 majorem
592 3125 745 3187 virtutem
780 3146 879 3206 quam
905 3136 1034 3207 portare

73 3230 144 3315 duo,
169 3241 248 3293 tunc
273 3251 368 3312 posse
391 3231 487 3293 simul
511 3240 640 3313 portare
664 3231 787 3293 infinita
812 3233 942 3313 requirit
966 3232 1034 3294 infi-

75 3337 172 3401 nitam
196 3336 444 3419 perfectionem;
469 3339 524 3400 sed
548 3339 669 3422 aliquid
693 3359 761 3400 esse
784 3339 968 3401 distinctam
983 3361 1032 3401 ra-

73 3443 192 3507 tionem
217 3445 435 3526 cognoscendi
459 3446 567 3526 plures
598 3446 794 3526 quidditates
818 3447 948 3527 requirit
967 3468 1032 3507 ma-

72 3549 171 3626 jorem
195 3550 444 3632 perfectionem;
462 3573 540 3633 ergo
556 3572 625 3613 esse
640 3553 798 3613 rationem
815 3553 964 3614 distincte
976 3574 1030 3614 co-

75 3659 247 3736 gnoscendi
271 3679 385 3721 omnes
408 3660 603 3740 quidditates
627 3659 759 3740 requirit
786 3658 944 3720 infinitam
963 3680 1031 3740 per·

924 3790 950 3830 10
