2634 4267
312 255 501 317 Dasmuca.
525 255 558 318 V
583 253 730 336 Quasi.
754 256 769 328 Ι
987 271 1060 337 ¹177

194 454 332 526 Prima
360 455 556 526 Conclusio
571 460 739 541 probatur,
763 460 840 542 quia
863 471 987 524 naturae
1004 460 1083 525 infe-

123 563 246 628 riorum
268 573 514 646 consequuntur
536 565 768 648 perfectionem
797 588 889 630 suam
922 589 978 650 per
1009 589 1084 652 ope·

122 670 280 734 rationem
304 657 482 753 propriam3
505 692 585 754 ergo
608 672 714 735 multo
734 673 838 755 magis
861 673 992 756 Angeli.

193 777 341 841 Secunda
358 776 524 842 Conclusio
536 779 703 860 probatur,
716 780 793 860 quia
805 781 956 858 voluntas
968 802 1033 844 non
1047 782 1085 844 si-

123 885 195 945 mul
214 885 286 948 vult
310 885 506 948 mutabiliter
529 895 562 948 et
585 885 838 966 immutabiliter;
855 889 911 950 sed
933 890 1083 952 voluntas

123 991 257 1071 quando
280 992 470 1073 praemiatur
493 993 563 1054 vult
586 993 841 1069 immutabiliter,
877 996 1010 1076 quando
1031 1017 1084 1058 au-

122 1104 355 1160 tem‘meretur
378 1099 463 1161 elicit
485 1107 596 1161 actum
619 1100 856 1182 contingentem
881 1122 970 1182 ergo.

191 1203 359 1279 Praeterea,
384 1204 551 1286 dispositio
573 1205 624 1267 vel
647 1206 700 1267 via
724 1207 879 1286 praecedit
894 1207 1081 1282 terminum3

122 1310 179 1371 sed
203 1311 356 1373 meritum
379 1319 428 1374 est
450 1311 503 1373 via
518 1312 560 1373 ad
583 1312 829 1374 beatitudinem.

189 1419 349 1482 Praeterea
376 1416 474 1499 aliqui
497 1427 640 1500 arguunt
670 1419 724 1480 sic:
756 1419 843 1481 idem
877 1440 942 1482 nou
975 1427 1082 1502 potest

122 1549 192 1591 esse
213 1548 258 1590 ex
280 1507 384 1608 gratia
407 1524 549 1607 perfecta
571 1533 603 1587 et
626 1525 823 1606 imperfecta;
848 1527 904 1588 sed
928 1528 1081 1589 meritum

123 1644 170 1697 est
192 1656 236 1697 ex
260 1632 364 1715 gratia
386 1630 585 1713 imperfecta,
609 1631 783 1713 praemium
807 1642 917 1695 autem
941 1655 984 1695 ex
1014 1653 1083 1714 gra·

122 1742 165 1803 tia
187 1739 342 1823 persecta3
365 1758 453 1820 ergo
478 1736 606 1801 —Sed
629 1738 682 1799 illa
698 1739 779 1800 ratio
804 1739 903 1802 Scoto
927 1760 993 1802 non
1017 1739 1082 1820 pla·

122 1857 181 1923 cet,
204 1847 283 1929 quia
305 1853 354 1908 est
370 1843 520 1926 possibile
535 1844 678 1927 aliquam
698 1845 842 1907 animam
862 1855 988 1908 tantam
1010 1865 1083 1927 gra-

122 1953 199 2016 tiam
224 1953 344 2015 habere
366 1952 398 2013 in
422 1951 484 2031 via,
512 1960 670 2033 quantam
695 1950 827 2014 habebit
855 1952 888 2013 in
913 1953 1024 2034 patria,
1051 1952 1084 2012 li·
1187 1941 1188 1944 '

122 2069 172 2122 cet
195 2081 262 2122 non
286 2058 420 2120 haberet
442 2058 487 2119 ita
509 2057 689 2139 perfectum
717 2079 823 2133 usum,
848 2069 880 2121 et
904 2060 948 2123 sic
972 2071 1082 2141 posset

122 2187 187 2231 esse
210 2167 300 2229 idem
324 2164 453 2227 habitus
475 2164 543 2226 sine
566 2163 735 2227 identitate
757 2173 859 2228 actua.

186 2269 266 2341 Sed
284 2273 459 2338 remanet
478 2266 634 2360 dubz'um
662 2291 705 2332 ex
734 2292 800 2352 quo
831 2274 964 2356 angelus
995 2275 1082 2355 prius

124 2379 238 2443 meruit
253 2398 347 2440 suam
360 2377 602 2439 beatitudinem.
617 2375 740 2457 Quaero
761 2386 842 2459 quot
859 2381 995 2441 morulae
1019 2379 1084 2442 fne-

123 2496 195 2549 runt
218 2485 302 2547 inter
326 2483 523 2546 creationem
546 2491 578 2545 et
602 2483 836 2546 beatitudinem
857 2496 1018 2566 qnantum
1040 2487 1082 2548 ad

124 2591 243 2667 beatos,
268 2599 302 2654 et
324 2590 406 2653 inter
429 2590 625 2652 creationem
648 2599 680 2653 et
704 2592 832 2672 lapsum
855 2601 1015 2673 quantum
1039 2593 1082 2655 ad

125 2700 236 2763 malos.
261 2734 306 2744 —
336 2697 435 2760 Unde
464 2697 542 2758 dicit
573 2717 656 2758 unus
687 2697 814 2760 Doctor
836 2698 927 2779 quod
952 2697 1082 2761 fuerunt

125 2813 195 2879 duae
220 2812 368 2886 morulae,
393 2831 458 2873 una
481 2832 547 2892 qua
570 2831 684 2873 omnes
700 2810 830 2878 fuerunt
853 2813 960 2886 creati,
982 2814 1082 2876 altera

126 2939 185 3001 qua
199 2919 255 2984 isti
277 2928 311 2982 et
325 2917 376 2980 isti
392 2916 523 2981 luerunt
539 2918 571 2979 in
588 2918 727 2981 termino
751 2919 795 2980 ita
810 2919 900 3000 quod
922 2919 999 2981 boni
1016 2940 1081 2982 non

125 3035 280 3106 ponentes
300 3024 427 3087 obicem
439 3033 630 3105 receperunt
641 3025 778 3108 gratiam
794 3034 827 3087 et
841 3025 987 3108 gloriam,
1007 3026 1081 3087 mali

125 3141 230 3196 autem
248 3153 325 3205 non,
342 3131 418 3213 quia
434 3139 614 3212 posuerunt
636 3131 773 3194 obicem.

185 3239 268 3302 Alia
292 3237 399 3319 opinio
423 3237 515 3319 ponit
538 3245 603 3299 tres
619 3238 771 3301 morulas.
789 3239 825 3300 In
842 3238 947 3319 prima
969 3219 1085 3301 omnes¹

128 3343 254 3410 fuerunt
276 3345 374 3406 creati
397 3353 429 3406 et
453 3342 637 3406 habuerunt
658 3345 806 3429 gratiam;
830 3345 862 3407 in
887 3346 1027 3406 secunda
1050 3346 1082 3406 il-

129 3451 349 3517 limeruerunt
371 3459 404 3512 et
420 3450 470 3511 isti
495 3450 732 3526 demeruerunt;
757 3450 789 3513 in
810 3451 903 3514 tertia
920 3452 996 3513 boni
1017 3450 1082 3512 fue·

126 3569 194 3623 runt
218 3560 251 3622 in
276 3557 382 3640 gratia
405 3553 597 3629 confirmati,
622 3557 698 3620 mali
726 3578 802 3619 vero
834 3557 962 3619 luerunt
993 3558 1078 3618 dam-

127 3667 195 3729 nati.

1028 3791 1054 3833 12
1147 3761 1151 3771 ⁵
