2634 4267
251 264 318 311 222
523 249 598 312 Lrn.
623 250 653 311 ΙΙ
678 248 976 313 San'ranrmnun

233 363 605 383 -ῇ--ι--ν-

300 448 355 516 An
379 445 523 517 amnon
547 467 771 528 mmmmm,
796 454 871 516 dico
894 454 986 536 quod
1019 453 1207 517 illuminare

231 577 297 620 non
321 569 369 622 est
392 559 502 622 lumen
526 581 644 634 creare,
662 561 739 642 quia
754 561 875 623 creatio
890 561 1039 623 excludit
1066 581 1204 622 omnem

230 665 451 728 causalitatem
476 666 698 748 subjectivam
723 667 806 729 sicut
822 667 944 748 patebit
968 667 1001 728 in
1018 667 1205 748 quaestione

231 777 272 838 de
296 774 419 836 ratione
442 774 597 836 seminali.
622 773 685 835 Hic
701 783 811 836 autem
836 774 1103 856 praesupponitur
1126 774 1204 836 sub

228 883 353 963 jectum
378 880 589 961 receptivum.
1052 965 1055 970 .

298 987 356 1049 Ad
368 987 543 1049 secundum
561 987 635 1049 dico
651 987 741 1069 quod
754 986 934 1049 intellectus
950 985 1115 1049 humanus
1131 1007 1199 1049 non

230 1103 360 1157 tantum
395 1093 595 1156 illuminatur
617 1115 637 1155 a
661 1093 732 1156 luce
765 1093 875 1155 divina
909 1093 988 1174 quin
1024 1092 1120 1154 etiam
1154 1092 1198 1154 ibi

231 1209 401 1263 concurrat
425 1221 522 1262 causa
546 1200 688 1262 secunda
712 1199 905 1261 illuminans.

297 1307 356 1369 Ad
377 1307 508 1369 tertium
532 1306 605 1368 dico
621 1306 711 1387 quod
725 1326 790 1368 non
814 1315 944 1387 oportet
959 1306 1003 1368 ibi
1020 1305 1196 1368 concedere

230 1414 399 1476 tenebram
412 1433 469 1494 per
485 1413 691 1494 positionem,
708 1413 784 1494 quia
798 1412 976 1475 Cherubim
991 1421 1065 1474 sunt
1077 1411 1194 1493 perspi-

231 1520 371 1582 caciores
394 1519 427 1580 in
451 1518 583 1581 scientia
607 1539 708 1600 quam
733 1519 849 1601 angeli,
873 1528 906 1581 et
929 1528 1040 1581 tamen
1063 1526 1192 1599 propter

231 1625 294 1688 hoc
317 1626 423 1707 angeli
447 1646 513 1687 non
537 1625 688 1688 dicuntur
712 1625 883 1688 tenebrosi.

297 1732 356 1793 Ad
375 1742 530 1813 quartum
554 1733 628 1794 dico
663 1733 753 1814 quod
776 1732 911 1814 angelus
935 1730 1065 1794 inferior
1088 1738 1189 1813 potest

232 1839 412 1901 illuminare
436 1839 633 1920 superiorem
657 1839 683 1900 si
707 1839 828 1920 aliquid
852 1839 1011 1901 reveletur
1027 1839 1085 1900 sibi
1104 1836 1186 1918 qnod

232 1966 298 2007 non
322 1944 482 2007 revelatur
505 1945 671 2026 superiori.
697 1946 766 2007 Nec
789 1955 837 2007 est
852 1945 1082 2007 inconveniens
1103 1941 1185 2024 quod

230 2052 367 2134 angelus
390 2050 521 2113 inferior
544 2052 683 2115 excedat
706 2053 904 2134 superiorem
928 2053 961 2114 in
997 2052 1102 2133 aliqua
1123 2069 1184 2130 per-

132 2155 144 2178 ’
232 2157 370 2219 sectione
385 2157 584 2220 accidentali.
603 2159 732 2222 Eodem
750 2160 849 2221 modo
865 2159 938 2220 dico
955 2159 1045 2239 quod
1061 2156 1183 2238 angelus

231 2264 375 2345 superior
399 2273 506 2344 potest
528 2265 709 2328 illuminare
732 2265 922 2327 inferiorem.
949 2265 994 2327 Et
1017 2285 1092 2327 cum
1113 2261 1181 2324 dicis

231 2371 321 2452 quod
346 2371 451 2451 majus
475 2371 584 2433 lumen
601 2371 750 2434 obfuscat
764 2373 869 2435 minus
885 2393 942 2454 per
962 2378 1178 2454 argumentum

230 2478 271 2538 de
294 2477 360 2538 sole
383 2486 415 2538 et
438 2477 545 2553 stellis
570 2477 644 2539 dico
668 2479 758 2558 quod
792 2479 947 2560 supponit
974 2477 1092 2540 falsum
1114 2473 1178 2555 quia

231 2584 276 2645 ita
299 2593 434 2664 apparet
457 2593 590 2665 propter
614 2583 871 2647 materialitatem
894 2595 928 2647 et
942 2584 1102 2647 defectum
1117 2600 1176 2643 sen-

231 2711 285 2752 sus
308 2711 384 2751 cum
408 2691 643 2772 impedimento
668 2692 765 2753 medii
788 2712 854 2754 non
888 2692 1044 2774 dispositi,
1067 2690 1135 2772 quia
1154 2683 1174 2746 si

231 2797 303 2877 quis
337 2806 421 2859 esset
443 2797 475 2859 in
500 2807 600 2879 puteo
636 2797 799 2878 profundo
830 2799 862 2861 in
898 2799 1039 2873 meridie,
1069 2796 1174 2858 videret

231 2904 315 2965 clare
339 2904 445 2966 stellas
470 2925 534 2966 non
559 2904 710 2967 obstante
734 2885 811 2967 luce
828 2905 932 2968 solari.

664 3247 764 3602 l
