2634 4267
293 304 356 350 212
529 289 603 352 Lm.
627 291 658 352 ΙΙ
682 289 980 357 Ssucaumnnuu

270 494 362 576 phim
396 494 582 557 clamabant
604 495 686 558 alter
709 496 751 558 ad
774 496 933 574 alterum;
957 499 1015 560 sed
1038 499 1149 562 clamor
1169 509 1209 562 est

270 601 424 684 quaedam
448 600 578 663 locuti0.

336 691 561 772 RESPONS'IO:
594 707 646 770 hic
677 717 754 772 sunt
777 711 844 772 duo
875 710 1029 774 Articuli.
1053 713 1092 774 In
1116 713 1210 794 primo

270 815 401 897 ponitur
424 834 489 877 una
515 814 627 896 opinio
650 836 728 900 quae¹
751 817 953 898 reprobatur.
980 818 1120 881 Secundo
1140 819 1211 880 dice·

269 931 322 984 tur
344 921 387 984 ad
411 919 639 1002 Quaestionem
663 924 845 986 secundum
869 925 1049 987 veritatem.

300 1121 306 1131 ’
342 1135 566 1221 Quantum
590 1135 655 1201 ad
667 1135 875 1218 primum
906 1136 1154 1203 Articulum
1173 1147 1214 1199 est

268 1243 378 1326 opinio
394 1241 525 1304 Henrici
537 1261 614 1323 quae
630 1241 691 1303 tria
707 1242 794 1306 dicit.
812 1242 927 1304 Primo
946 1245 1115 1324 quomodo
1136 1246 1213 1325 loqu-

268 1372 325 1413 ens
340 1349 508 1432 cognoscit
524 1348 603 1410 illud
618 1348 660 1410 de
675 1368 742 1430 quo
759 1347 911 1431 loquitur,
924 1350 1046 1413 scilicet
1061 1351 1213 1434 singulare.

269 1457 415 1521 Secundo
437 1455 608 1537 quomodo
631 1455 734 1536 possit
759 1455 837 1517 illud
869 1474 1069 1538 cognoscere
1084 1479 1167 1532 unus,
1188 1466 1214 1519 et

267 1565 355 1627 aliud
378 1565 486 1626 latere.
509 1562 625 1634 Tertii),
653 1562 826 1642 quomodo
842 1561 900 1625 fiat
923 1563 952 1624 ei
969 1573 1085 1645 patens
1107 1585 1158 1646 per
1171 1563 1216 1625 ali·

267 1691 367 1753 quam
392 1670 550 1732 rationem
574 1669 708 1752 quando
735 1668 899 1750 loquendo
918 1671 1076 1751 exprimit
1098 1671 1177 1732 illud.

338 1776 506 1852 Quantum
529 1776 578 1838 ad
595 1775 756 1857 primum,
784 1775 900 1838 dicitur
922 1777 1014 1857 quod
1030 1778 1160 1860 angelus
1173 1797 1214 1838 co·

267 1884 395 1966 gnoscit
417 1882 579 1964 singulare
603 1902 659 1964 per
684 1881 862 1944 universale
877 1891 1088 1946 concreatum
1112 1905 1166 1946 suo
1180 1884 1214 1944 in·
1278 1873 1279 1876 '

267 1990 416 2054 tellectui.
443 1989 543 2070 Quod
566 1988 724 2071 probatur
741 1989 851 2070 primo
871 1989 947 2071 quia
972 1991 1214 2072 unumquodque

267 2097 349 2160 sicut
372 2117 405 2159 se
429 2096 528 2158 habet
550 2096 592 2157 ad
615 2115 685 2158 esse
708 2095 753 2156 ita
769 2115 803 2157 se
827 2093 927 2157 habet
950 2096 992 2157 ad
1009 2098 1214 2178 cognitionem

265 2226 307 2267 ex
331 2222 360 2266 2.
384 2202 558 2285 Metaplz.,·
583 2203 638 2265 sed
663 2202 825 2283 singulare
848 2211 1010 2284 quantum
1034 2204 1077 2265 ad
1100 2224 1164 2266 esse
1177 2201 1213 2264 ni-

266 2309 310 2372 hil
334 2310 425 2372 addit
447 2331 546 2392 supra
580 2309 775 2384 universale3
811 2329 899 2390 ergo.
930 2345 974 2354 -—
999 2308 1144 2372 Secundo
1164 2309 1213 2371 sic:

266 2417 343 2479 nihil
368 2425 479 2479 movet
501 2416 645 2497 aliquam
662 2414 852 2496 potentiam,
870 2414 928 2476 nisi
950 2415 982 2476 in
999 2415 1119 2478 virtute
1135 2412 1212 2498 primi

265 2523 402 2604 objecti3
419 2524 475 2585 sed
492 2523 634 2604 primum
650 2521 818 2602 objectum
833 2521 1014 2583 intellectus
1030 2521 1163 2604 angelici
1176 2527 1214 2581 est
1276 2509 1277 2576 ἶ

266 2630 460 2705 universale;
485 2648 573 2710 ergo
597 2664 642 2676 --
672 2627 779 2690 Tertio
802 2627 864 2689 sic:
899 2627 1044 2708 sequitur
1068 2628 1157 2711 quod
1176 2627 1212 2687 in·

265 2737 411 2799 tellectus
433 2735 539 2817 angeli
562 2744 646 2797 esset
670 2734 775 2816 magis
798 2734 1033 2796 determinatus
1055 2744 1089 2797 et
1113 2733 1212 2797 limita·
1274 2775 1275 2778 κ

265 2851 317 2905 tus
340 2863 439 2924 quam
464 2842 637 2903 humanus.
662 2876 706 2888 -
726 2839 850 2915 Quarto
873 2839 935 2902 sic:
951 2840 1029 2920 quia
1051 2840 1078 2902 si
1102 2860 1163 2904 non
1177 2857 1212 2898 se
1275 2881 1276 2906 ἒ

265 2950 373 3031 quitur
397 2949 486 3030 quod
509 2948 592 3010 sicut
607 2968 665 3029 per
681 2946 972 3028 apprehensionem
997 2945 1210 3010 universalium

265 3065 436 3138 generatur
459 3056 491 3117 in
515 3055 609 3117 nobis
632 3053 956 3127 habitusscientialis,
981 3053 1025 3115 sic
1049 3053 1083 3116 in
1108 3050 1210 3115 intelle·

264 3172 318 3226 ctu
342 3163 449 3244 angeli
472 3162 498 3224 si
530 3161 637 3243 primo
672 3169 885 3243 cognosceret
919 3160 1097 3242 singularia
1119 3161 1210 3241 posset

263 3291 332 3333 esse
355 3269 485 3331 habitus
507 3268 648 3331 scientiae
673 3268 740 3329 sine
763 3267 904 3341 scientia,
921 3266 971 3328 vel
996 3276 1115 3348 praeter
1129 3263 1209 3326 scien·

263 3376 342 3438 tiam
366 3376 604 3449 universalium,
629 3374 719 3456 quod
742 3384 791 3436 est
806 3383 919 3436 contra
942 3371 1173 3456 Philosophum
1184 3383 1207 3450 7.

262 3481 409 3564 Metaplz.

334 3589 502 3664 Quantum
536 3588 585 3650 ad
603 3587 778 3649 secundum
810 3587 887 3649 dicit
910 3586 962 3649 ille
977 3587 1111 3653 ,Doctor
1132 3575 1206 3663 qUOd

263 3693 337 3755 licet
348 3693 520 3755 intellectio
544 3693 641 3774 hujus
657 3693 854 3769 universalis,
871 3714 946 3775 quae
963 3702 1012 3756 est
1028 3693 1108 3756 ratio
1129 3682 1204 3748 intel-
