2634 4267
297 267 355 332 152
557 253 631 318 Lm.
656 255 686 316 ΙΙ
711 255 1009 318 Sunrnnnnnun

342 458 565 544 Orcanmm
597 461 662 526 ad
673 460 879 544 primum
908 459 1164 525 Articulum
1186 469 1226 522 est

267 566 379 646 opinio
409 565 549 628 Thomae
566 577 602 648 p.
634 586 664 630 Ι.
689 589 718 648 q.
747 585 803 649 55.
829 588 859 628 a.
891 586 921 630 2.
945 567 1002 648 qui
1034 567 1115 629 dicit
1146 567 1224 649 quod

267 672 403 753 angelus
434 693 499 735 non
522 674 640 755 accipit
675 674 818 755 aliquam
843 674 992 736 notitiam
1023 695 1042 735 a
1068 675 1164 736 rebus
1186 675 1224 734 in-

266 778 443 860 telligendo
467 799 523 860 per
546 780 669 861 species
692 780 874 861 acquisitas,
900 780 955 842 sed
987 781 1101 842 omnia
1125 781 1225 843 intelli·

267 885 315 966 git
339 906 395 965 per
418 886 540 967 species
564 886 700 960 innatas
725 881 817 968 duod
842 888 998 968 probatur

333 992 449 1053 Primo
472 993 532 1055 sic:
566 993 591 1054 si
615 994 751 1074 angelus
782 973 994 1075 cognosceret
1017 1015 1075 1075 per
1112 995 1223 1076 species

266 1099 449 1178 acquisitas
467 1107 545 1161 tunc
563 1099 697 1162 haberet
714 1081 913 1162 intellectum
940 1109 1094 1182 agentem
1115 1110 1147 1162 et
1161 1121 1223 1182 pos·

266 1204 401 1278 sibilem‚
419 1214 451 1267 et
467 1205 530 1268 hoc
553 1215 601 1268 est
617 1205 744 1268 falsum.
763 1207 915 1268 Probatio
938 1207 1098 1269 rnirzorz's:
1124 1208 1222 1269 Primo

267 1310 357 1390 quod
384 1331 449 1373 non
474 1311 592 1374 habeat
616 1313 811 1375 intellectum
846 1323 1005 1396 agentem,
1038 1315 1117 1395 quia
1143 1313 1222 1376 intel-

267 1416 368 1479 lectus
398 1439 498 1498 agens
521 1428 569 1481 est
600 1420 655 1481 ubi
681 1420 824 1500 primum
853 1420 1019 1500 objectum
1051 1421 1220 1482 intellectus

266 1532 314 1584 est
338 1523 536 1606 intelligibile
559 1527 591 1587 in
623 1526 785 1607 potentia;
810 1527 866 1588 sed
891 1526 1033 1607 primum
1063 1527 1218 1607 objectum

266 1629 445 1693 intellectus
468 1633 604 1714 angelici
629 1643 680 1695 est
703 1633 734 1696 in
755 1642 829 1694 actu
854 1633 1052 1714 intelligibile
1074 1635 1150 1714 quia
1170 1634 1220 1695 im-

267 1737 439 1798 materiale.
466 1738 541 1799 Non
565 1739 664 1800 etiam
689 1739 787 1800 habet
807 1739 1008 1801 intellectum
1032 1740 1217 1820 possibilem,

265 1842 341 1922 quia
365 1843 544 1907 intellectus
568 1846 728 1926 possibilis
758 1846 960 1927 quandoque
989 1846 1094 1909 estin
1118 1855 1218 1927 poten-

265 1950 326 2024 tia;
351 1950 530 2013 intellectus
552 1961 662 2014 autem
687 1953 794 2035 angeli
819 1973 946 2034 semper
970 1961 1017 2015 est
1041 1953 1073 2014 in
1098 1962 1177 2014 actu.

333 2056 477 2120 Secmzdo
508 2060 570 2121 sic:
596 2059 767 2140 perfectius
801 2080 859 2121 ens
881 2069 930 2121 est
960 2060 1097 2140 angelus
1126 2079 1215 2140 quam

264 2163 404 2241 cuelum;
428 2166 484 2226 sed
515 2166 636 2227 coelum
662 2165 760 2228 habet
791 2166 964 2247 qualitates
994 2176 1027 2228 et
1059 2165 1215 2247 perlectio-

265 2289 321 2330 nes
344 2290 417 2331 suas
448 2272 506 2333 sibi
530 2283 716 2335 concreatas
746 2282 779 2334 et
802 2261 868 2335 non
904 2273 1033 2334 aliunde
1058 2282 1214 2353 acceptas;

263 2396 342 2456 ergo
366 2378 470 2441 multo
494 2379 598 2460 magis
620 2381 765 2460 angelus,
790 2379 889 2441 etsie
914 2400 979 2442 non
1004 2379 1150 2461 intelligit
1164 2398 1214 2459 per

263 2483 385 2562 species
408 2506 426 2545 a
450 2485 545 2546 rebus
568 2494 727 2566 acceptas.

336 2591 439 2653 Tertio
462 2591 520 2653 sic:
552 2592 634 2653 sicut
665 2612 699 2652 se
730 2592 830 2654 habet
862 2592 980 2654 modus
1002 2592 1128 2654 essendi
1153 2589 1212 2652 ani-

263 2717 327 2757 mae
351 2696 392 2757 ad
417 2698 553 2759 modum
569 2698 694 2760 essendi
718 2699 835 2780 angeli,
859 2698 903 2760 sic
928 2699 1046 2760 modus
1070 2694 1212 2779 operandi

262 2803 304 2864 ad
322 2804 457 2865 modum
481 2804 654 2884 operandi;
679 2805 736 2866 sed
755 2807 871 2867 modus
887 2805 1012 2867 essendi
1037 2805 1153 2866 animae
1168 2803 1211 2863 de·

263 2911 382 2989 pendet
405 2932 423 2971 a
439 2931 583 2992 corpore,
610 2911 728 2972 modus
745 2920 854 2973 autem
871 2911 996 2973 essendi
1021 2911 1127 2993 angeli
1143 2929 1209 2982 n0n;

261 3037 341 3097 ergo
365 3038 424 3078 nec
454 3018 523 3098 ejus
546 3018 692 3099 operatio
723 3019 790 3080 sive
813 3017 986 3080 intellectio
1018 3018 1210 3099 dependeta

261 3144 413 3204 corpore:
438 3125 493 3186 sed
510 3125 707 3204 dependeret
722 3146 741 3185 a
758 3145 893 3206 corpore
910 3124 935 3186 si
952 3124 1144 3207 intelligeret
1162 3141 1210 3204 per

261 3229 383 3310 species
406 3231 594 3310 acquisitas3
619 3252 708 3312 ergo.

241 3352 243 3356 ·
333 3336 455 3411 Quarto
478 3338 539 3399 sic:
564 3338 606 3399 ab
630 3347 780 3399 extremo
804 3338 836 3398 in
859 3346 1045 3399 extremum
1059 3359 1125 3400 non
1147 3355 1210 3398 eon-

260 3444 348 3505 venit
371 3443 505 3506 transire
529 3443 587 3506 nisi
612 3465 669 3526 per
694 3445 856 3506 medium:
881 3445 937 3505 sed
968 3444 1050 3506 inter
1074 3443 1209 3507 sensibile

258 3558 291 3610 et
314 3550 511 3631 intelligibile
533 3561 582 3613 est
619 3552 763 3613 medium
795 3551 1003 3632 imaginabile
1026 3551 1094 3614 sive
1118 3551 1209 3634 phan-
