2634 4267
312 244 496 307 Distinet.
522 242 615 304 XLII
641 240 819 322 QUAEST.I
1009 253 1074 318 427

116 450 211 513 tatio
235 449 392 531 prima-el
416 449 568 512 secunda.
585 447 693 510 Prima
708 446 841 528 quidem
858 446 1013 527 cogitatio
1033 466 1099 507 non

120 566 178 620 est
213 557 245 618 in
280 556 455 617 voluntatis
491 563 661 637 potestate,
701 553 778 634 quia
801 553 909 633 aliqua
943 553 1100 634 cogitatio

124 662 319 727 naturaliter
352 662 507 744 praecedit
542 681 639 723 omne
674 660 764 734 velle,
796 661 893 722 etde
924 659 986 721 hoc
1021 660 1100 721 dicit

126 770 343 852 Augustinus
359 786 395 848 3.
421 769 459 831 de
483 767 537 830 lib.
562 767 701 830 arbitrio
716 767 807 847 quod
823 787 889 828 non
912 775 961 828 est
983 766 1016 827 in
1039 787 1099 847 po-

72 919 75 923 ·
127 886 249 940 testate
273 885 382 938 nostra
416 876 534 956 quibus
560 874 635 936 visis
659 884 845 955 tangamur.
869 912 913 919 -
940 874 1102 935 Remauet

127 1004 208 1066 ergo
231 982 367 1045 dubium
391 983 431 1044 de
454 981 596 1043 secunda
619 981 818 1061 cogitatione
852 980 1021 1060 quomodo
1044 1001 1097 1041 su-

127 1091 205 1153 best
228 1089 389 1151 voluntati
424 1110 500 1156 cum
536 1088 688 1150 voluntas
719 1108 785 1149 non
821 1096 951 1148 moveat
975 1086 1033 1147 nisi
1058 1087 1100 1147 ad

129 1196 389 1279 praecognitum3
414 1205 447 1258 et
469 1204 545 1257 sunt
568 1194 620 1256 hic
644 1215 703 1256 sex
727 1194 816 1255 modi
830 1194 967 1255 dicendi.

209 1303 297 1366 Uuus
320 1312 368 1365 est
391 1303 480 1382 quod
504 1302 620 1363 sufficit
644 1301 789 1382 cognitio
823 1300 959 1381 alicujus
983 1302 1103 1383 objecti

130 1420 265 1473 tantum
289 1409 494 1471 habitualiter
518 1409 597 1469 noti.

172 1536 175 1541 ·
203 1517 302 1577 Alius
325 1516 437 1577 modus
460 1525 508 1577 est
531 1515 621 1596 quod
645 1514 803 1576 habeatur
837 1514 981 1596 cognitio
1015 1516 1097 1577 illius

134 1623 255 1704 objecti
271 1623 304 1683 in
321 1622 490 1685 universali
507 1631 540 1684 et
556 1643 622 1684 non
638 1622 671 1683 in
688 1622 880 1702 particulari.
898 1658 941 1665 —
962 1619 1081 1684 Contra
1091 1645 1099 1699 ;

134 1739 216 1792 tunc
240 1727 549 1809 intellectiolapidis
573 1749 649 1790 cum
675 1728 707 1789 in
734 1748 773 1789 eo
808 1728 1005 1809 intelligatur
1028 1730 1101 1791 sub·

136 1837 256 1899 stantia
279 1856 434 1917 corporea
451 1836 610 1896 sufficeret
632 1835 674 1896 ad
697 1834 875 1896 volendum
890 1856 1007 1897 aurum
1020 1856 1095 1897 cum

138 1944 202 2006 hoc
226 1943 422 2024 intelligatur
446 1942 477 2004 in
502 1941 672 2003 universali
689 1941 720 2002 in
737 1940 915 2003 substantia
935 1962 1099 2023 corporea.

205 2048 336 2112 'Tertius
360 2050 478 2111 modus
501 2058 550 2110 est
573 2049 663 2128 quod
681 2048 798 2110 sufficit
816 2048 959 2129 cognitio
983 2049 1102 2129 objecti

138 2158 281 2230 remissa,
306 2156 383 2237 quia
407 2175 482 2217 cum
496 2155 645 2216 voluntas
661 2155 781 2216 remitit
797 2155 963 2235 objectum
987 2177 1006 2217 a
1030 2177 1105 2217 con-

138 2263 332 2326 sideratione
356 2262 451 2324 unius
475 2262 603 2342 objecti,
628 2262 789 2323 concurrit
824 2255 1038 2323 consideratio
1061 2263 1105 2323 al-

138 2371 238 2433 terius
261 2369 389 2449 objecti.
414 2405 456 2413 -
487 2366 605 2431 Contra
616 2390 627 2429 .·
652 2368 729 2449 quia
752 2389 859 2429 acasu
873 2369 989 2442 accidit
1013 2370 1104 2450 quod

139 2497 216 2539 cum
240 2485 288 2538 est
311 2475 455 2539 remissio
489 2475 561 2536 talis
595 2474 730 2536 actionis
764 2475 927 2535 concurrit
961 2474 1024 2537 hoc
1054 2475 1104 2537 vel

140 2584 220 2645 illud
243 2582 409 2663 objectum
433 2590 466 2644 et
489 2581 533 2643 sic
556 2590 664 2642 totum
688 2590 771 2643 esset
794 2582 930 2643 casuale.

90 2770 92 2775 ,
213 2688 359 2765 Quartus
397 2688 510 2750 ruodus
544 2697 592 2749 est
626 2708 669 2749 ex
701 2686 764 2749 hoc
798 2688 888 2767 quod
923 2688 1105 2750 intellectus

142 2796 242 2858 habet
265 2795 522 2877 comparativam
546 2794 708 2857 actionem
743 2803 775 2856 et
810 2796 978 2876 cognoscit
1002 2816 1104 2857 unum

143 2903 406 2985 correlativorum
442 2902 474 2963 in
509 2901 619 2963 altero,
659 2938 704 2948 -
746 2899 887 2970 Coutru:
926 2902 1003 2982 quia
1041 2923 1107 2964 non

143 3030 271 3091 semper
294 3018 342 3071 est
353 3007 576 3089 comparativa
592 3008 753 3089 cogniti0;
772 3017 879 3089 potest
891 3008 978 3070 enim
1003 3029 1106 3070 unum

143 3116 309 3197 objectum
334 3136 390 3197 per
414 3136 447 3176 se
470 3114 623 3195 cognosci
646 3115 715 3177 sine
737 3115 809 3176 alio

215 3222 358 3299 Quintus
381 3223 494 3285 modus
529 3223 619 3302 quod
643 3222 716 3283 licet
739 3222 771 3283 in
801 3231 962 3303 potestate
992 3223 1108 3284 volun-

144 3330 219 3392 tatis
243 3350 308 3391 non
333 3329 373 3391 sit
396 3329 539 3411 cognitio
564 3329 751 3410 simpliciter
774 3338 823 3390 est
846 3338 957 3390 tamen
981 3329 1014 3390 in
1037 3329 1107 3409 ejus

146 3445 307 3519 potestate
330 3436 473 3518 cognitio
486 3436 671 3498 discursiva.
695 3472 740 3481 -
757 3434 875 3499 Contra
885 3458 897 3496 .·
922 3436 947 3497 si
971 3456 1037 3497 non
1060 3445 1110 3497 est

145 3544 177 3605 in
202 3551 363 3625 potestate
386 3526 561 3604 uoluntatis
586 3542 665 3603 illud
688 3542 756 3603 sine
779 3563 845 3623 quo
880 3563 947 3603 non
971 3541 1109 3603 habetur

147 3651 320 3724 discursus,
347 3670 405 3712 nec
429 3649 591 3711 discursus
615 3658 663 3711 est
679 3649 711 3710 in
724 3658 885 3731 potestate
909 3658 1035 3729 nostra3
1052 3650 1108 3710 sed
1141 3716 1147 3724 ⁸
