2634 4267
345 248 533 309 D1srmcr.
560 242 574 309 Ι
601 244 748 327 Qnmsr.
772 246 821 309 VI
1036 261 1076 327 57

135 450 256 513 Moral.
281 444 433 512 —Item
458 452 613 533 probatur
637 451 762 513 ratione
785 451 846 514 sic:
880 451 1015 534 Quanto
1045 452 1098 514 ali-

134 556 213 636 quid
235 565 286 619 est
310 556 467 619 actualius
490 566 582 620 tanto
604 566 653 619 est
669 557 858 639 perfectius3
883 557 939 620 sed
960 558 1096 640 angelus

132 672 182 724 est
205 662 362 725 actualior
378 684 478 745 quam
495 663 623 739 anima;
648 684 737 746 ergo.
763 664 915 727 Probatio
946 664 1093 740 minoris,

132 768 211 849 quia
232 769 369 851 angelus
393 789 458 831 non
482 778 531 832 est
546 769 674 833 unibilis
689 770 817 851 corpori
840 770 873 833 in
895 771 1019 834 ratione
1035 770 1096 833 for-

136 895 211 950 mae,
248 883 286 937 ut
310 876 467 958 probatur
491 876 526 939 in
551 877 578 939 I.
603 898 632 958 q.
658 896 689 939 Ι.
713 876 746 938 d.
769 875 803 942 8.
827 877 953 939 Anima
986 886 1097 940 autem

131 992 183 1044 est
207 982 335 1045 unibilis
358 982 485 1065 corpori
509 982 541 1045 in
565 984 690 1045 ratione
713 982 837 1057 formae,
862 992 894 1046 et
917 1004 1016 1047 omne
1031 985 1096 1047 tale

131 1097 184 1150 est
207 1088 312 1171 magis
337 1089 557 1170 potentionale
580 1110 681 1171 quam
708 1090 863 1172 primum.

130 1300 133 1304 ’
202 1300 264 1363 An
296 1314 557 1365 Anounnnrun
588 1316 627 1363 m
659 1315 904 1365 conrnnnmn
935 1311 1025 1384 patet
1054 1323 1098 1364 ex

130 1407 238 1482 dictis,
262 1408 339 1489 quia
362 1408 516 1489 potentiae
541 1418 677 1489 possunt
700 1408 826 1471 differre
849 1417 882 1470 et
902 1417 1013 1472 tamen
1030 1429 1097 1471 non

130 1514 293 1576 essentiae.
319 1514 383 1578 Sed
406 1522 517 1593 tamen
540 1515 784 1577 meliusdicitur
801 1515 856 1599 sic,
880 1515 970 1596 quod
993 1536 1099 1577 essen-

131 1621 188 1682 tiae
213 1630 352 1702 possunt
375 1620 501 1684 differre
535 1622 641 1702 specie
675 1641 719 1683 ex
753 1631 846 1704 parte
884 1620 1096 1696 fundamenti,

131 1748 201 1789 non
226 1736 337 1789 tamen
360 1748 404 1789 ex
439 1737 531 1810 parte
565 1728 694 1808 objecti.
719 1729 764 1791 Et
794 1749 870 1791 cum
901 1728 1017 1790 dicitur
1041 1750 1098 1810 per

130 1833 383 1915 Philosophum,
410 1851 439 1896 2.
463 1834 502 1897 de
524 1835 660 1909 Anima,
685 1835 775 1916 quod
803 1835 958 1917 potentiae
990 1834 1099 1897 distin-

130 1949 282 2023 guuntur
306 1950 486 2022 peractus,
511 1942 699 2003 conceditur
721 1941 900 2023 aliqualiter
923 1942 1092 2016 ostensive,

136 2066 206 2108 nou
229 2055 341 2109 tamen
365 2048 543 2110 necessario
566 2047 720 2111 effective.

203 2153 263 2215 Ad
282 2154 457 2215 secundum
481 2163 513 2216 et
536 2154 578 2215 ad
611 2175 725 2216 omnes
755 2154 963 2218 auctoritates
998 2155 1101 2217 consi·

133 2259 231 2322 miles
254 2259 371 2322 dicitur
412 2260 502 2341 quod
525 2261 660 2342 angelus
683 2270 716 2323 et
745 2262 854 2323 anima
884 2272 960 2325 sunt
983 2271 1098 2324 natura

132 2386 230 2449 pares
254 2365 286 2428 in
310 2366 433 2429 ratione
456 2366 575 2448 objecti
599 2366 748 2442 beatifici,
772 2368 849 2450 quia
871 2378 987 2431 natura
1010 2369 1098 2431 intel-

133 2472 283 2536 lectualis
307 2472 391 2534 sicut
414 2473 524 2536 anima
539 2483 571 2536 et
594 2475 730 2555 angelus
753 2495 819 2537 non
839 2484 947 2557 potest
962 2475 1097 2557 quietari

133 2579 195 2642 nisi
218 2579 251 2641 in
274 2578 405 2659 objecto
427 2578 562 2646 infinito.

202 2681 263 2743 Ad
282 2681 415 2744 tertium
439 2681 512 2743 dico
535 2683 626 2763 quod
650 2682 814 2745 inclinatio
829 2684 871 2745 ad
895 2704 1014 2765 corpus
1029 2704 1096 2745 non

131 2797 184 2851 est
207 2788 290 2850 ratio
313 2787 527 2850 distinctionis
550 2787 710 2870 specificae
735 2789 766 2851 in
790 2789 844 2864 eis,
868 2790 925 2852 sed
941 2790 1097 2872 distingu-

133 2904 235 2957 untur
257 2894 365 2977 specie
389 2915 446 2976 per
470 2895 617 2976 proprias
639 2896 801 2958 essentias.

199 3001 259 3063 Ad
280 3000 436 3064 ultimum
461 3009 551 3083 patet
573 3022 617 3063 ex
629 3000 694 3064 fine
717 3002 801 3065 tertii
817 3003 968 3077 Articuli,
992 3012 1024 3066 et
1045 3004 1098 3065 ali-

135 3109 274 3191 qualiter
297 3129 342 3171 ex
357 3108 519 3171 solutione
535 3106 619 3170 facta
642 3109 685 3171 ad
706 3110 848 3191 primum
864 3120 1096 3193 argumentum

131 3216 173 3279 de
195 3215 392 3299 quaestione.

567 3389 670 3747 l
