2634 4267
289 322 476 383 Drsrmcr.
501 320 616 383 XXIX
641 318 787 401 QuAEsr.
813 321 826 383 Ι
986 322 1049 401 369

89 527 178 590 ritas
204 536 239 589 et
262 526 365 609 gratia
389 535 465 588 sunt
488 527 575 588 idem
606 526 731 588 realiter
755 536 790 588 ut
823 527 997 609 probatum
1022 537 1071 591 est

90 655 204 717 supra
227 634 304 697 dist.
328 653 382 718 27.
406 644 468 696 art.
495 650 525 697 2.

193 740 258 803 Ao
289 736 531 803 ARGUMENTA
569 754 812 803 pmucmnmn.
848 778 889 787 -
915 742 973 804 Ad
1008 742 1072 822 pri-

92 869 198 911 mum
223 846 298 910 dico
332 848 422 929 quod
446 868 511 909 non
547 846 706 929 proficiat,
732 848 807 928 quia
843 848 946 929 gratia
977 848 1071 911 infor·

93 976 203 1018 mans
223 952 411 1016 informavit
427 954 563 1016 liberum
587 954 755 1016 arbitrium
773 953 913 1035 perfecte
936 975 1070 1035 sanum3

93 1083 192 1125 nunc
217 1069 327 1125 autem
345 1060 503 1122 habemus
527 1061 665 1144 gratiam
682 1081 757 1142 quae
774 1059 900 1143 proficit
923 1082 966 1123 ex
983 1070 1069 1124 statu

95 1177 235 1231 naturae
258 1168 369 1248 lapsae.

170 1274 233 1337 Ad
251 1275 436 1347 secuudum,
462 1294 547 1355 nego
571 1276 735 1357 rnayorem,
760 1275 837 1355 quia
868 1275 971 1355 gratia
1001 1297 1071 1357 gra-

96 1390 178 1443 tum
203 1379 323 1443 faciens
346 1380 442 1442 datur
466 1402 613 1461 personae
645 1402 705 1461 pro
729 1382 834 1462 seipsa
865 1390 897 1443 et
921 1402 986 1443 non
1011 1402 1070 1463 pro

97 1497 238 1562 natura;
263 1496 332 1549 tota
352 1487 477 1567 justitia
501 1495 612 1548 autem
637 1487 801 1569 originalis
835 1488 973 1550 dabatur
998 1510 1069 1569 per-

97 1615 196 1657 sonae
221 1614 280 1675 pro
303 1602 373 1655 tota
397 1602 521 1655 natura.

172 1700 233 1761 Ad
253 1700 384 1762 tertium
408 1701 481 1761 dico
515 1701 604 1781 quod
634 1700 730 1781 primi
765 1711 914 1781 parentes
948 1702 1069 1785 indige-

100 1809 187 1869 bant
211 1807 315 1888 gratia
341 1815 505 1888 'operante
528 1816 560 1868 et
595 1818 791 1888 cooperante
826 1829 891 1869 non
915 1810 957 1870 ad
981 1830 1068 1889 quae·

100 1915 242 1976 rendam
260 1912 490 1995 perfectionem
504 1914 685 1975 naturalem
701 1915 757 1976 sed
781 1916 1069 1995 supernaturalem.

100 2058 149 2069 -
174 2021 319 2083 Etcum
343 2020 422 2082 dicis
445 2021 535 2100 quod
559 2020 628 2082 istae
645 2021 758 2102 gratiae
783 2031 948 2102 ponuntur
973 2039 1070 2103 prop·

94 2139 155 2226 ‘ter
178 2125 402 2188 infirmitatem
420 2126 508 2189 liberi
532 2127 663 2200 arbitrii,
681 2136 770 2209 patet
793 2148 849 2209 per
874 2128 1069 2209 Magistrum

104 2236 142 2297 iu
160 2234 225 2297 ista
248 2233 393 2295 distinct.
410 2255 435 2297 c.
453 2253 483 2295 Ι.
501 2235 592 2316 quod
615 2234 694 2296 illud
710 2255 823 2296 verum
839 2244 887 2296 est
908 2256 968 2317 pro
984 2244 1070 2295 statu
1145 2276 1147 2280 ψ

104 2349 234 2402 naturae
258 2340 369 2421 lapsae,
406 2360 472 2402 non
495 2350 606 2402 autem
630 2361 691 2422 pro
714 2350 798 2402 statu
835 2351 959 2403 naturae
984 2341 1073 2403 insti-

104 2456 199 2509 tutae.
