2634 4267
276 284 340 351 ²54
549 270 638 334 Lm.
663 270 693 334 11
717 270 1013 336 Snuruurmnun

320 475 393 538 Hoc
416 495 482 538 non
505 475 612 556 placet
633 475 703 538 aliis
727 496 785 539 nec
810 476 900 554 mihi,
925 476 1001 558 quia
1035 497 1125 540 omne
1144 496 1196 538 ex-
1239 461 1241 466 ⁵

252 590 383 646 tensum
406 591 455 646 est
478 583 727 664 quodammodo
751 603 956 667 corporeum,
981 591 1013 646 et
1037 569 1079 646 sic
1103 583 1196 664 plures

251 689 450 771 quantitates
469 710 636 772 corporeae
652 699 759 753 essent
771 690 866 753 simul
880 689 912 751 in
936 690 1063 765 eodem,
1079 699 1109 752 et
1129 689 1197 772 peri·

252 803 324 858 rent
342 789 537 878 argumenta
560 794 750 877 Philosophi
773 815 803 859 2.
825 797 864 858 de
875 795 1002 858 Anima
1016 804 1050 858 et
1064 815 1094 879 4.
1109 795 1195 877 Phys.

318 902 376 964 Ad
395 913 628 985 argumentum
651 911 764 966 autem
799 903 874 964 dico
901 903 992 983 quod
1027 901 1129 966 deficit
1148 922 1196 983 per

252 1007 366 1070 falsam
390 1008 668 1090 imaginationem,
693 1007 770 1090 quia
793 1008 990 1091 imaginatur
1013 1009 1197 1090 quodquan·

251 1114 327 1177 titas
350 1115 439 1197 prius
461 1115 581 1178 existat
604 1115 636 1178 in
660 1124 734 1178 actu
759 1135 861 1196 quam
885 1115 1039 1178 adveniat
1061 1115 1195 1188 materiae,

251 1222 342 1303 quod
366 1242 433 1284 non
456 1230 572 1300 teneo;
597 1221 655 1284 sed
679 1221 752 1283 dico
776 1221 867 1302 quod
889 1241 991 1303 agens
1015 1223 1152 1284 naturale
1167 1241 1195 1282 e-

251 1329 341 1391 ducit
363 1329 405 1390 de
428 1327 575 1409 potentia
599 1327 744 1390 materiae
760 1327 977 1408 quantitatem
994 1329 1148 1390 actualem
1159 1326 1196 1388 ad

250 1455 352 1516 quam
376 1431 466 1515 priu's
489 1442 558 1496 erat
581 1433 782 1516 inpotentia.
799 1470 843 1479 -
867 1435 927 1495 Per
957 1454 996 1495 ea
1030 1455 1104 1516 quae
1125 1434 1196 1496 dicta
1269 1439 1270 1442 ’

250 1551 327 1604 sunt
350 1549 440 1623 patet
463 1541 505 1602 ad
532 1548 729 1622 argumenta
763 1539 925 1622 opinionis
948 1560 1024 1622 quae
1049 1549 1142 1623 negat
1168 1538 1195 1599 in

250 1649 336 1710 coelo
360 1647 540 1711 materiam.

323 1860 498 1925 'lartius
521 1859 751 1924 Arte'oulua
773 1867 822 1921 est
844 1859 953 1920 videre
976 1859 1002 1920 si
1026 1859 1142 1920 coelum
1154 1863 1194 1918 est
1270 1879 1271 1894 2

248 1967 440 2040 animatum,
464 1975 497 2028 et
521 1975 610 2047 patet
633 1986 690 2047 per
714 1965 922 2028 auctoritates
944 1965 1100 2047 allegatas
1121 1965 1148 2025 in
1164 1979 1192 2041 J.

249 2073 353 2135 Artic.
372 2073 558 2154 principali
579 2072 669 2153 quod
694 2073 747 2134 sic.
773 2072 818 2133 Et
841 2070 1054 2161 confirmatur
1087 2071 1137 2133 tali
1156 2088 1194 2130 ra·

247 2181 353 2242 tione:
370 2180 483 2241 vivum
501 2200 566 2241 non
581 2186 773 2260 potestesse
795 2199 897 2241 anon
921 2178 1008 2254 vivo;
1033 2179 1088 2240 sed
1104 2177 1191 2238 multa

249 2294 324 2348 sunt
347 2286 422 2348 viva
438 2287 598 2367 producta
622 2285 742 2347 virtute
758 2285 841 2358 coeli,
866 2285 949 2346 sicut
980 2283 1033 2346 illa
1061 2304 1129 2366 quae
1149 2301 1193 2363 ge·

249 2402 402 2456 nerantur
418 2413 475 2474 per
492 2391 780 2473 putrefactionem;
797 2411 886 2473 ergo.
903 2392 1020 2474 Major
1035 2399 1119 2472 patet
1129 2387 1191 2470 quia

247 2520 346 2562 omne
369 2499 483 2562 vivum
507 2508 555 2561 est
579 2499 721 2561 nobilius
744 2518 810 2560 non
834 2498 920 2560 vivo

251 2656 254 2661 ,
315 2596 384 2668 ls'ta
407 2605 515 2686 opinio
539 2615 586 2668 est
610 2605 690 2685 falsa
713 2614 745 2666 et
768 2603 1055 2667 excommunicata
1078 2624 1129 2685 per
1146 2602 1191 2662 do-

249 2712 375 2774 minum
407 2711 830 2794 Stephanum'episcopum
858 2710 1009 2772 Parisien.
1034 2720 1066 2773 et
1087 2707 1191 2772 theoto

247 2820 308 2903 giae
334 2819 537 2900 magistrum,
563 2827 595 2879 et
620 2827 669 2879 est
692 2826 805 2879 contra
822 2816 1066 2879 Damascenum
1088 2825 1117 2878 et
1131 2833 1190 2876 con·

247 2935 296 2990 tra
313 2926 468 2988 Basilium
492 2933 524 2986 et
548 2924 755 3005 Gregorium.

313 3032 459 3094 Thomas
483 3040 593 3093 autem
617 3029 783 3112 improbat
812 3029 901 3090 illam
937 3029 1122 3111 opinionem
1143 3044 1188 3108 per

248 3138 404 3200 rationem
429 3139 527 3200 talem
545 3147 634 3218 part.
665 3155 690 3198 1.
715 3158 744 3217 q.
759 3154 811 3219 70.
835 3145 898 3198 art.
916 3136 987 3198 ula:
1005 3137 1080 3219 quia
1102 3135 1124 3196 si
1138 3151 1190 3195 coe·

247 3246 315 3306 lum
339 3254 422 3306 esset
437 3245 630 3317 animatum,
646 3243 755 3305 anima
779 3241 896 3305 frustra
919 3241 1065 3305 uniretur
1081 3234 1188 3330 corpori

247 3351 380 3426 coelesti,
405 3351 571 3432 quianon
596 3358 728 3431 propter
752 3347 983 3430 perfectionem
1008 3349 1040 3410 in
1070 3345 1187 3410 essendo

246 3478 305 3538 pro
329 3479 368 3519 eo
391 3458 480 3539 quod
505 3457 638 3519 materia
661 3466 709 3519 est
732 3463 865 3537 propter
893 3454 1034 3518 formam
1058 3465 1088 3517 et
1103 3468 1186 3516 none

245 3546 400 3630 converso
423 3583 453 3626 2.
476 3562 589 3644 Phys„
614 3584 673 3624 nec
701 3570 833 3643 propter
869 3560 1080 3642 perfectiones
1114 3559 1142 3620 in
1162 3575 1187 3616 o·

246 3670 400 3749 perand0‚
425 3669 502 3749 quia
524 3688 619 3749 aeque
643 3667 783 3749 perfecte
795 3676 905 3748 posset
928 3669 1053 3750 operari
1079 3686 1138 3729 non
1158 3682 1185 3722 u·
