2634 4267
264 269 327 347 368
518 271 595 334 Lm.
618 272 649 334 11
674 271 969 337 Ssursurrauuu

239 472 307 535 Alii
332 474 453 548 dicunt,
477 475 560 539 sicut
582 477 757 551 Aureolus,
789 479 879 560 quod
900 478 994 541 fuerit
1015 480 1045 541 in
1065 500 1190 542 sensua-
1284 488 1285 499 ¹

239 580 328 644 litate
361 590 502 657 tautum,
532 592 604 646 tum
638 584 715 665 quia
754 583 832 647 Gen.
864 603 898 664 5.
935 586 1067 648 dicitur:
1086 588 1189 648 Erant

239 688 317 750 nudi
340 688 440 751 ambo
463 710 524 752 nec
538 691 787 768 erubescebant3
812 701 883 753 tum
901 693 977 773 quia
993 693 1192 775 Augustinus

237 803 351 857 contra
373 795 550 859 Julianum
574 797 651 861 dicit
674 799 765 879 quod
789 799 890 861 homo
910 800 1052 881 privatus
1072 809 1113 861 est
1130 800 1188 861 illa

237 902 421 965 obedientia
443 924 519 985 quae
543 904 575 966 in
612 906 769 968 membris
802 906 866 969 suis
901 905 1014 993 fuerat.
1037 908 1191 969 Teneatur

237 1028 313 1089 quae
336 1010 409 1090 plus
432 1010 548 1091 placet.
573 1010 716 1073 Primam
737 1013 833 1074 credo
850 1013 1017 1076 meliorem
1040 1023 1070 1075 et
1090 1013 1189 1095 ipsam

237 1116 383 1196 sequitur
407 1116 535 1179 Scotus.

310 1327 534 1414 errantum
569 1333 635 1398 ad
654 1332 834 1397 tertium
859 1332 1106 1398 Articulum
1132 1353 1191 1413 pa-

234 1445 282 1499 tet
306 1458 363 1517 per
386 1438 581 1519 Magistrum
605 1439 637 1501 in
662 1439 766 1501 littera
791 1440 825 1501 iu
861 1439 925 1502 ista
949 1440 1089 1502 distinct.
1111 1460 1134 1500 c.
1156 1457 1190 1500 2.

236 1544 325 1623 quod
350 1542 464 1606 habuit
486 1544 622 1608 virtutes
647 1546 796 1618 morales
821 1555 853 1608 et
877 1546 1035 1627 probatur
1058 1567 1110 1627 per
1124 1545 1192 1607 Au·
1285 1598 1286 1603 ,

235 1650 403 1730 gustinum
428 1652 579 1732 quamvis
596 1672 660 1713 una
684 1652 795 1733 opinio
811 1652 927 1715 sentiat
951 1652 1141 1734 oppositum,
1155 1651 1194 1712 si-

235 1764 291 1818 cut
315 1756 427 1818 recitat
450 1758 493 1819 ibi
518 1758 689 1840 Magister,
725 1767 758 1820 et
793 1758 885 1840 ponit
919 1760 990 1839 ejus
1025 1760 1192 1822 rationem:

235 1882 347 1942 quaere
370 1863 423 1924 ibi.

308 2074 532 2161 Quantum
550 2079 616 2144 ad
626 2082 838 2162 quartum
855 2078 1105 2144 Articulum
1121 2078 1194 2139 dico

234 2184 324 2263 quod
348 2184 451 2265 gloria
467 2194 574 2265 potest
597 2185 700 2268 accipi
719 2186 894 2267 tripliciter.
920 2185 998 2248 Uno
1024 2186 1120 2247 modo
1134 2204 1194 2265 pro
1286 2258 1287 2275 χ

233 2288 347 2371 objecto
371 2291 493 2372 gloriae,
525 2300 558 2354 et
591 2291 637 2354 sic
661 2292 752 2354 Deus
786 2300 835 2354 est
863 2292 965 2374 gloria
1001 2302 1117 2353 nostra.
1141 2290 1192 2353 Se-
1286 2346 1287 2371 ,

226 2398 343 2463 ,cundo
360 2398 460 2459 modo
483 2418 544 2479 pro
561 2409 635 2461 actu
661 2398 783 2480 gloriae,
801 2407 838 2460 ut
861 2398 1109 2480 comprehendit
1127 2417 1193 2479 per·

233 2503 351 2566 sectam
375 2504 532 2566 visionem
556 2514 589 2567 et
624 2504 830 2567 dilectionem
855 2504 926 2567 Dei.
961 2504 1074 2567 Tertio
1097 2504 1194 2565 modo
1286 2516 1287 2563 l

232 2631 293 2692 pro
315 2609 430 2674 habitu
453 2611 565 2692 gloriae
589 2612 683 2691 cujus
705 2620 753 2673 est
776 2620 868 2674 actus
880 2612 949 2693 ipsa
961 2612 1096 2674 actualis
1118 2630 1188 2673 con·

229 2717 356 2797 junctio
390 2727 546 2780 creaturae
583 2718 748 2780 rationalis
782 2738 858 2780 cum
883 2720 957 2781 Deo
991 2738 1049 2799 per
1074 2719 1189 2780 claram

232 2824 389 2885 visionem
421 2834 453 2887 et
476 2823 653 2906 perfectam
690 2824 910 2898 dilectionem,
942 2844 982 2886 eo
1006 2825 1109 2886 modo
1131 2843 1195 2906 quo

232 2930 310 2993 dicit
333 2930 532 3012 Apostolus:
558 2931 643 2995 Cum
668 2931 854 3012 apparuerit
878 2930 1026 2995 Christus
1050 2930 1117 2993 vita
1139 2951 1191 2991 ve-

231 3046 306 3112 stra,
331 3047 409 3100 tunc
432 3047 465 3100 et
487 3059 547 3099 vos
570 3038 766 3119 apparebitis
789 3058 865 3099 cum
879 3038 949 3120 ipso
972 3037 1005 3099 in
1030 3037 1134 3119 gloria
1152 3035 1190 3098 ibi

231 3145 376 3206 coronati
401 3145 512 3207 habitu
545 3145 668 3225 gloriae.
692 3180 737 3191 -
761 3143 904 3226 Quando
938 3152 1050 3205 autem
1081 3142 1193 3225 quaeri-

230 3259 285 3313 tur
307 3251 443 3332 qualiter
478 3272 512 3313 se
535 3251 633 3313 habet
668 3251 772 3333 gratia
799 3251 841 3313 ad
873 3250 1020 3333 gloriam,
1046 3250 1192 3332 intelligi-

230 3367 284 3419 tur
318 3358 358 3419 de
393 3357 496 3438 gloria
530 3357 644 3419 ultimo
670 3357 770 3419 modo
793 3365 935 3438 sumpta,
963 3356 1082 3418 dicitur
1105 3354 1192 3437 quod

231 3462 330 3526 habet
349 3483 382 3525 se
405 3464 447 3525 ad
471 3483 543 3525 eam
568 3462 650 3525 sicut
673 3483 748 3544 pars
770 3463 813 3525 ad
836 3471 955 3537 totum,
979 3462 1057 3544 quia
1092 3462 1192 3544 gloria

230 3571 271 3632 de
294 3590 353 3631 sua
383 3569 519 3632 essentia
542 3569 789 3650 comprehendit
813 3569 961 3632 habitum
991 3569 1107 3651 gratiae
1126 3590 1191 3651 per·
1230 3590 1233 3639 ;

143 3690 152 3702 ·
230 3673 324 3735 fectae
347 3681 380 3735 et
403 3674 583 3736 charitatis:
608 3676 714 3756 posita
737 3674 797 3737 ista
821 3676 973 3757 opinione
996 3677 1087 3757 quod
1122 3676 1192 3738 cha·
