2634 4267
278 233 344 280 220
546 216 620 278 Lrn.
646 217 675 279 11
700 217 997 304 Sauram-lanum

254 420 452 484 intellectum
476 429 537 484 etc.
562 422 607 484 Et
626 423 806 485 secundum
831 423 1017 485 membrum
1048 423 1195 486 deducitur

254 526 316 590 sic:
340 529 476 610 angelus
498 527 627 592 inferior
651 550 708 611 per
736 529 916 592 naturalem
940 529 1132 592 influentiam
1152 551 1196 591 an·

254 633 317 716 geli
340 635 513 716 superioris
535 644 583 698 est
618 636 801 698 reducibilis
824 635 855 698 in
879 645 1003 699 statum
1039 637 1197 698 naturalem

253 749 286 803 et
302 741 487 803 ultimatum
504 740 709 823 perfectionis
725 743 895 818 naturalis;
913 743 969 805 sed
987 743 1128 805 ultimata
1141 763 1199 823 per-

253 844 349 909 fectio
371 849 478 930 angeli
502 857 550 910 est
573 848 750 931 intelligere
774 870 858 930 opus
881 849 1047 926 divinum;
1071 870 1153 931 ergo,

325 951 445 1017 Contra
469 955 567 1018 istam
599 935 758 1018 rationein
789 956 897 1037 arguit
929 955 1048 1020 Scotus
1070 965 1101 1018 et
1121 955 1199 1027 bene,

254 1061 330 1140 quia
353 1070 431 1123 tunc
455 1062 590 1144 angelus
613 1062 758 1143 superior
782 1060 906 1128 faceret
932 1063 1042 1125 videre
1064 1063 1199 1144 angelum

252 1166 435 1229 inferiorem
451 1167 583 1249 aliquod
608 1169 787 1230 revelatum
804 1169 837 1231 in
861 1169 972 1243 verbu,
990 1170 1067 1252 quia
1090 1169 1147 1230 hoc
1160 1178 1200 1229 est

255 1273 369 1336 ultima
391 1274 461 1355 ejus
484 1274 650 1356 perfectio,

320 1488 427 1553 Ideo
448 1493 517 1554 eut
537 1489 668 1555 tertia
694 1489 848 1573 opinio
871 1510 947 1571 quae
972 1490 1053 1576 dicit¹
1071 1489 1153 1571 quod
1166 1487 1197 1548 si-

253 1603 308 1656 cut
332 1594 433 1657 homo
457 1596 553 1658 docet
569 1596 669 1658 alium
688 1596 865 1670 hominem,
883 1596 927 1657 ita
944 1596 1095 1678 Angelus
1109 1601 1198 1676 potest

252 1700 351 1762 alium
375 1703 530 1784 angelum
551 1702 749 1778 illuminare;
767 1703 824 1764 sed
842 1723 926 1764 unus
951 1703 1053 1765 homo
1076 1704 1163 1764 docet
1175 1721 1199 1760 a·

254 1807 332 1869 lium
357 1809 625 1890 quadrupliciter:
651 1810 767 1872 Primo
792 1809 882 1871 modo
905 1810 1123 1890 imprimendo
1143 1826 1198 1888 spe·

251 1913 334 1975 ciem
359 1914 478 1978 directe
501 1915 584 1978 sicut
607 1915 639 1977 in
672 1915 909 1978 mathematicis
934 1915 1088 1997 magister
1107 1911 1196 1994 impri-

254 2020 313 2081 mit
335 2021 494 2102 discipulo
518 2021 657 2083 formam
681 2023 844 2104 trianguli.
871 2021 1017 2084 Secundo
1043 2021 1129 2084 modu
1149 2020 1196 2080 im-

254 2127 425 2208 primendo
448 2128 558 2190 lumen
582 2129 736 2191 indirecte
758 2129 934 2191 excitando
952 2130 1063 2191 lumen
1080 2126 1196 2190 intellec·

253 2241 305 2294 tus
328 2234 463 2315 agentis.
494 2235 598 2297 Tertio
621 2236 713 2298 modo
737 2235 951 2317 proponendo
980 2233 1195 2316 propositiones

254 2339 354 2401 modo
369 2341 480 2403 debito
495 2350 528 2403 et
543 2342 767 2415 determinato,
786 2342 1001 2423 proponendo
1022 2339 1194 2423 principium

252 2447 295 2508 ad
318 2447 559 2510 conclusionem
583 2449 773 2510 eliciendam
789 2469 833 2510 ex
849 2447 1017 2530 principi0‚
1042 2458 1075 2511 et
1096 2464 1194 2510 conne-

252 2553 385 2615 xionem
410 2553 554 2634 ipsorum
578 2555 620 2616 ad
643 2554 782 2617 invicem
806 2555 889 2617 sicut
923 2555 1037 2617 recitat
1061 2549 1195 2635 Augusti-

253 2681 314 2722 nus
329 2661 370 2722 de
383 2661 502 2742 juvene
518 2662 571 2723 illo
587 2662 787 2743 interrogato
804 2663 845 2724 de
861 2662 1120 2724 conclusionibus
1133 2678 1194 2740 geo-

253 2767 393 2829 metricis
410 2788 472 2853 per
507 2769 664 2830 ordinem.
694 2767 818 2843 Quarto
852 2769 963 2842 modo,
989 2767 1090 2831 homo
1117 2767 1193 2828 docet

252 2873 351 2935 alium
372 2874 519 2955 juvando
542 2885 574 2937 et
608 2874 823 2937 confortando
846 2875 1045 2937 intellectum
1074 2875 1148 2936 circa
1166 2891 1192 2931 o-

220 2968 224 2974 *
252 2981 406 3060 bjectum.
430 3017 476 3027 -
494 2981 706 3063 Applicando
729 2982 782 3043 illa
805 2982 846 3044 ad
871 2981 1076 3062 propositum
1099 2979 1192 3042 dicitur

252 3088 342 3168 quod
365 3088 500 3169 angelus
523 3109 589 3150 non
612 3088 773 3150 illuminat
796 3088 901 3169 primo
926 3089 1027 3150 modo
1055 3094 1191 3169 quantum

251 3194 294 3254 ad
318 3194 468 3274 speciem,
493 3215 552 3256 nec
566 3195 710 3256 secundo
728 3195 827 3256 modo
842 3202 1004 3275 quantum
1028 3194 1070 3256 ab
1092 3193 1189 3260 lumen,

252 3299 328 3380 quia
351 3301 486 3382 angelus
510 3300 587 3362 nihil
611 3301 723 3382 recipit
740 3301 781 3362 ab
805 3300 868 3362 alio
883 3301 1019 3382 angelo;
1045 3321 1102 3362 nec
1116 3293 1190 3359 tertio

253 3407 362 3480 modu,
376 3407 494 3469 scilicet
507 3408 721 3489 proponendo
734 3407 971 3488 propositiones
983 3406 1093 3469 debito
1102 3401 1187 3471 modo·

252 3513 328 3593 quia
351 3514 486 3595 angelus
509 3513 718 3594 intelligendo
742 3533 808 3575 non
843 3513 1008 3590 discurrit;
1033 3523 1065 3576 et
1087 3509 1188 3575 sicillu·
