2634 4267
259 260 321 321 3¹²
501 243 575 305 Lrss.
600 244 629 305 11
654 242 950 306 Snurnu‘nnmm

240 362 404 369 ———..-.
412 362 486 367 ..—

230 469 327 530 super
361 447 444 511 fetus
478 447 658 509 secundum
695 446 852 519 ordinem,
889 434 934 508 iti
970 447 1061 527 quod
1088 446 1181 528 primo
1276 438 1277 485 i

230 575 342 617 mense
375 555 562 617 dominatur
597 553 765 627 Saturnus,
800 562 833 616 et
871 553 916 615 sic
951 574 1009 634 per
1048 553 1182 615 ordinem

229 683 333 743 usque
355 663 397 725 ad
421 662 551 724 Lunam
567 681 643 742 quae
659 660 846 723 dommatur
862 660 894 722 in
911 659 1055 741 septimo
1072 679 1179 721 mense.

227 768 324 831 Luna
350 778 460 831 autem
495 777 543 830 est
577 766 693 849 frigida
727 772 760 830 et
797 765 942 840 humida,
978 775 1012 828 et
1049 765 1185 847 quamvis
1277 818 1278 865 ;

228 874 352 937 ratione
375 873 556 955 frigiditatis
579 874 619 936 sit
643 895 740 936 causa
780 873 901 947 mortis,
926 882 1039 935 tamen
1075 872 1185 933 ratione

229 982 430 1044 humiditatis
453 990 502 1043 est
524 1001 622 1043 causa
644 981 731 1042 vitae.
761 979 794 1043 Si
820 988 932 1042 autem
965 980 1064 1041 vadat
1095 998 1186 1059 usque

231 1089 273 1151 ad
296 1098 449 1150 octavum
475 1108 629 1160 mensem,
654 1096 733 1149 tunc
758 1086 923 1169 reincipiet
958 1085 1117 1148 dominari
1139 1084 1186 1147 Sa·

229 1205 343 1257 turnus
366 1194 421 1275 qui
456 1203 505 1255 est
536 1192 681 1275 frigidus,
717 1194 761 1255 sic
796 1201 846 1254 est
880 1213 979 1254 causa
1018 1192 1143 1265 mortis;
1164 1190 1187 1251 si
1278 1194 1279 1249 i

230 1312 340 1363 autem
364 1301 477 1362 transit
501 1300 662 1381 usquead
680 1320 803 1362 nonum
822 1319 979 1372 mensem,
996 1308 1074 1360 tunc
1098 1298 1187 1359 habet

184 1404 193 1417 '
233 1408 416 1469 dominium
440 1408 565 1488 Jupiter
587 1407 643 1488 qui
667 1416 715 1469 est
738 1406 861 1469 calidus
894 1414 927 1467 et
963 1404 1125 1476 humidus
1150 1424 1188 1464 ex

234 1534 301 1595 quo
324 1523 372 1575 est
395 1534 492 1575 causa
516 1514 602 1575 vitae.

302 1616 499 1704 Quantum
536 1622 662 1686 utitem
692 1615 746 1685 od
765 1616 982 1703 septimum,
1003 1639 1103 1699 quare
1138 1616 1186 1677 ali-

233 1728 366 1809 quando
390 1726 504 1787 mulier
528 1727 610 1807 parit
628 1726 819 1799 masculum,
836 1725 1013 1807 aliquando
1030 1723 1186 1787 feminam.

232 1835 297 1897 Est
323 1834 436 1914 prima
472 1833 556 1895 ratio
592 1832 705 1895 Galeni
741 1833 796 1914 qui
829 1832 906 1894 dicit
941 1832 1033 1912 quod
1065 1830 1125 1893 hoc
1145 1841 1190 1896 est

231 1940 308 2021 quia
330 1961 406 2001 cnm
431 1960 560 2020 sperma
583 1938 762 2002 femineum
794 1939 892 2001 intrat
915 1959 1048 2019 sperma
1072 1958 1188 1999 mascu-

231 2048 342 2120 linum,
368 2055 540 2127 generatur
571 2045 701 2120 femina,
738 2067 815 2107 cum
850 2054 961 2107 autem
987 2065 1005 2106 e
1029 2064 1187 2114 converso,
1281 2120 1282 2135 χ

231 2164 403 2235 generatur
427 2173 506 2213 mas.
531 2190 574 2199 —
598 2153 680 2215 Haec
705 2154 786 2215 ratio
811 2174 876 2215 non
894 2152 990 2225 valet,
1012 2152 1090 2232 quia
1105 2150 1189 2231 ponit
1281 2138 1282 2175 ³

231 2280 360 2341 sperma
384 2260 525 2321 mulieris
549 2258 668 2321 habere
691 2259 758 2320 vim
790 2259 931 2321 activam
964 2267 1113 2339 respectu
1138 2255 1190 2318 for·

232 2367 382 2427 mationis
406 2365 497 2439 setus
533 2366 623 2447 quod
658 2365 882 2446 improbatum
906 2364 1010 2427 estin
1039 2362 1188 2445 principio

231 2472 419 2553 quaestionis
445 2471 550 2552 hujus.

300 2579 449 2640 Secnuda
465 2578 550 2641 ratio
568 2578 747 2641 Democriti
764 2578 820 2659 qui
836 2578 938 2640 voluit
962 2579 1053 2657 quod
1069 2596 1190 2659 sperma

233 2686 329 2746 maris
363 2686 481 2746 cadens
516 2686 548 2746 in
584 2694 676 2766 parte
710 2686 845 2746 dextera
881 2684 1023 2745 matricis
1064 2690 1189 2765 generat

232 2792 424 2864 masculum,
442 2792 473 2852 in
490 2800 582 2872 parte
598 2812 675 2853 vero
691 2792 816 2853 sinistra
829 2799 962 2872 generat
974 2789 1141 2851 feminam.
1154 2822 1190 2835 —

231 2899 305 2970 Ista,
331 2907 367 2959 ut
391 2898 468 2959 dicit
493 2897 718 2979 Philosophus
755 2898 838 2959 ratio
863 2918 928 2959 non
956 2897 1053 2977 valet,
1079 2905 1116 2958 ut
1143 2896 1190 2957 de·

231 3006 370 3067 claratur
394 3005 425 3065 in
444 3005 608 3085 prz'rtcz'pio
632 3003 683 3070 16.
708 3004 746 3066 de
770 3003 980 3066 animalibus

298 3112 379 3172 Alia
402 3119 449 3171 est
472 3112 556 3173 ratio
580 3112 704 3173 Lucani
732 3111 788 3192 qni
824 3111 901 3173 dicit
936 3112 1026 3192 quod
1063 3111 1126 3173 hoc
1149 3115 1191 3171 est

231 3239 273 3279 ex
299 3227 389 3298 parte
413 3218 553 3290 testium,
579 3238 655 3279 nam
691 3218 780 3279 testis
815 3218 930 3280 dexter
957 3217 1007 3279 fac
1036 3218 1079 3279 ad
1104 3238 1190 3300 gene·

232 3322 390 3385 rationem
416 3324 520 3397 maris,
546 3324 670 3386 sinister
698 3323 773 3385 facit
808 3325 849 3385 ad
885 3325 1128 3406 generationem
1154 3322 1189 3385 se

233 3430 340 3503 minae,
366 3431 452 3491 unde
479 3431 503 3490 si
532 3430 626 3492 fuerit
661 3452 735 3511 pars
770 3431 904 3493 dextera
939 3431 1073 3493 testium
1098 3431 1189 3513 ligata

232 3546 404 3618 generatur
428 3536 557 3607 femina,
582 3554 614 3598 et
637 3538 662 3598 si
687 3538 812 3599 sinistra
847 3547 1021 3619 generatur
1048 3558 1127 3601 mas,
1149 3571 1189 3583 -

232 3643 297 3703 Ista
321 3643 401 3703 ratio
425 3643 604 3704 secundum
629 3643 875 3724 Philosophum,
905 3643 962 3706 ubi
994 3655 1105 3725 supra,
1129 3662 1188 3705 non
