2634 4267
309 271 497 332 Drsrnrcr.
522 269 634 332 XVIII
657 269 806 352 QuAEsr.
830 269 844 331 Ι
1006 272 1069 350 287

129 478 208 559 quia
242 477 463 559 compositum
499 486 689 563 generatur;
725 477 781 540 sed
804 476 836 539 in
861 476 994 540 materia
1025 497 1091 540 non

129 585 311 666 praeexistit
333 584 466 666 aliquod
489 585 697 647 seminarium
721 584 910 666 compositi;
935 605 1022 666 ergo,
1047 621 1092 632 —

129 692 301 766 Praeterea,
326 693 352 754 si
375 692 498 773 aliquid
533 691 647 754 sormae
671 700 755 754 esset
778 691 810 753 in
835 692 977 766 materia,
1013 700 1092 754 tunc

126 796 236 860 forma
259 807 412 880 corrupta
428 807 537 881 posset
556 798 658 860 redire
674 799 788 860 eadem
805 819 941 860 numero
965 819 1022 880 per
1038 819 1092 860 na-

129 913 251 980 turam,
286 905 380 986 cujus
403 905 601 968 contrarium
626 913 716 986 patet
739 905 771 967 in
795 903 859 967 fine
884 922 912 968 2.
936 905 975 967 de
993 927 1090 988 gene-

127 1022 192 1074 rat.
218 1012 373 1074 Probatio
406 1012 656 1094 consequentiae:
681 1032 723 1074 ex
747 1032 814 1093 quo
848 1012 969 1093 aliquid
989 1033 1090 1094 ,gene-

126 1127 219 1180 ratur
243 1119 274 1180 in
299 1119 386 1180 idem
411 1128 501 1201 patet
524 1119 648 1192 resolvi,
673 1127 706 1181 et
729 1119 773 1180 sic
797 1119 822 1180 si
846 1117 951 1182 forma
982 1129 1090 1200 posset

129 1225 235 1287 redire
258 1227 290 1287 in
314 1226 481 1308 pristina'm
506 1226 697 1308 potentiam,
722 1234 830 1307 posset
853 1226 950 1288 etiam
974 1247 1042 1288 esse
1065 1225 1089 1286 i-

125 1333 205 1394 dem
229 1352 349 1414 agens:
373 1334 429 1395 sed
452 1333 519 1395 istis
551 1333 681 1394 duobus
703 1332 916 1395 existentibus
946 1330 1089 1414 sequitur

126 1438 216 1500 idem
229 1439 371 1514 effectus
387 1461 429 1501 ex
450 1438 483 1503 8.
501 1437 647 1520 Metaplz.
665 1475 709 1486 —
725 1439 884 1501 Praeterea
896 1439 1008 1501 relatio
1024 1460 1089 1502 rea-

129 1545 168 1608 lis
191 1567 258 1608 non
294 1555 401 1628 potest
423 1567 492 1609 esse
526 1547 593 1609 sine
628 1546 769 1609 termino
804 1545 888 1620 reali,
913 1525 995 1608 sicut
1029 1567 1088 1609 nec

124 1653 201 1740 sine¹
220 1653 451 1731 fundament03
476 1654 532 1716 sed
555 1653 580 1715 si
605 1662 779 1734 poneretur
794 1652 866 1715 talis
889 1653 970 1714 ratio
994 1654 1088 1715 semi-

126 1761 220 1841 nalis,
236 1769 321 1823 esset
343 1761 454 1822 relatio
471 1762 512 1824 ad
529 1759 678 1835 formam,
704 1768 736 1822 et
751 1769 833 1822 esset
859 1759 927 1822 sine
949 1760 1088 1822 termino

123 1888 203 1929 cum
228 1866 334 1929 forma
358 1888 422 1929 non
446 1867 574 1930 existat.

193 1976 420 2038 RESPONSIO:
445 1973 497 2037 hic
513 1983 589 2036 sunt
612 1974 672 2035 tria
688 1973 836 2036 videnda.
861 1973 987 2046 Primo,
1008 1974 1087 2055 quid

126 2081 167 2142 sit
182 2081 267 2143 ratio
290 2081 459 2143 seminalis.
478 2080 634 2163 Secundo,
662 2081 695 2142 in
711 2080 829 2162 quibus
852 2081 993 2162 ponitur.
1017 2082 1087 2142 Ter-

123 2188 179 2260 tia,
209 2188 252 2249 ad
276 2188 354 2269 quid
378 2188 518 2269 ponitur.

180 2401 426 2487 'Quantum
450 2403 515 2469 ad
527 2402 731 2486 primum
755 2401 828 2463 dico
852 2401 941 2482 quod
965 2401 997 2463 in
1022 2423 1087 2463 ma·

122 2510 205 2572 teria
230 2509 290 2570 tria
324 2510 576 2583 considerantur,
609 2509 728 2571 scilicet
762 2509 898 2570 essentia
931 2509 1084 2583 materiae,

123 2616 272 2698 potentia
296 2617 457 2698 receptiva
480 2626 512 2679 et
535 2625 635 2680 actus.

192 2724 292 2786 Ratsso
315 2732 424 2785 autem
456 2723 617 2785 seminalis
651 2743 717 2785 non
753 2731 859 2804 potest
883 2722 959 2804 puni
983 2723 1016 2784 in
1039 2743 1085 2784 es-

121 2830 232 2893 sentia
256 2830 411 2902 materioe,
439 2831 515 2912 quia
540 2829 686 2893 Christus
710 2829 769 2890 fuit
792 2830 824 2891 in
848 2829 1021 2891 Abraham
1038 2850 1085 2890 se-

120 2937 272 2999 cundum
296 2937 520 3018 corpulentam
552 2936 766 2998 substantiam
790 2945 822 2998 et
847 2936 1024 3010 materiam,
1050 2945 1085 2998 ut

123 3026 216 3124 patet
232 3063 289 3124 per
313 3044 539 3126 Augustinum
558 3061 608 3106 10.
632 3053 729 3131 super
748 3042 825 3104 Gen.
850 3041 898 3104 ad
919 3043 1083 3116 litterata·

125 3150 183 3212 sed
215 3171 281 3213 non
306 3149 366 3212 fuit
401 3149 547 3213 Christus
571 3150 602 3211 in
627 3149 799 3211 Abraham
835 3150 1014 3211 secundum
1039 3171 1085 3211 ra-

123 3255 247 3319 tionem
271 3257 477 3337 seminalem3
501 3261 589 3339 erg0.

191 3362 339 3426 Secundo
363 3385 427 3425 non
463 3373 569 3446 potest
593 3363 670 3445 poni
705 3365 737 3425 in
755 3364 900 3444 potentia
925 3364 1084 3444 receptiva

127 3472 279 3545 materiae,
297 3471 373 3552 quia
397 3473 488 3533 Deus
504 3470 579 3534 facit
602 3471 723 3552 aliquid
739 3472 771 3533 in
796 3471 929 3532 materia
953 3491 1018 3531 non
1035 3491 1084 3531 se-

124 3580 268 3642 cundum
293 3579 450 3641 rationem
475 3579 673 3653 seminalem,
707 3588 742 3640 ut
766 3586 855 3661 patet
879 3598 935 3658 per
967 3577 1084 3657 Augu·
