2634 4267
322 320 485 383 Drsrnvc.
510 320 558 382 XI
582 319 729 401 QuAEs‘r.
754 320 768 382 Ι
970 335 1035 402 227

108 524 258 587 Probatur
287 546 346 607 per
369 525 432 587 hoc
462 525 552 607 quod
575 524 609 586 in
640 545 765 608 organo
788 545 900 588 sensus
932 547 1059 590 conser-

108 641 218 695 vantur
239 633 362 714 species
385 640 459 713 post
483 651 626 693 recessus
661 631 815 694 sensibilis
838 652 881 694 ex
904 653 944 694 eo
967 633 1059 715 quod

108 758 258 820 organum
282 759 350 800 non
373 746 421 800 est
443 747 558 800 natum
574 758 771 820 cognoscere
795 738 978 819 objectum3
1000 740 1058 803 sed

108 845 277 908 intellectus
301 866 367 908 non
390 853 438 907 est
461 844 608 926 potentia
628 845 800 927 organica;
823 865 912 928 erg0.
937 847 1058 910 Modus

106 972 178 1014 suus
198 953 339 1034 ponendi
363 951 423 1014 fuit
445 952 527 1031 talis,
552 952 620 1033 ipse
643 952 751 1034 posuit
774 953 922 1015 ordinem
954 953 986 1016 in
1011 953 1057 1015 in-

108 1058 279 1140 telligentiis
301 1059 347 1120 ita
358 1059 448 1140 quod
465 1059 580 1121 ultima
591 1059 806 1141 intelligentia·
818 1058 972 1122 influebat
988 1081 1058 1142 spe-

106 1165 166 1226 cies
187 1166 263 1228 dum
286 1175 356 1228 erat
371 1165 506 1251 actualis
530 1165 702 1228 intellectio
718 1186 814 1247 super
838 1175 985 1228 nostrum
1010 1167 1055 1229 in-

107 1271 269 1334 tellectum.
295 1273 340 1334 Et
363 1273 446 1334 sicut
476 1273 568 1334 Plato
591 1272 700 1353 posuit
723 1272 813 1353 quod
845 1293 901 1354 per
925 1294 1056 1336 conver·

106 1377 220 1440 sionem
243 1379 423 1468 intellectus
446 1379 546 1440 nostri
569 1379 611 1440 ad
634 1379 741 1441 ideam
765 1378 900 1460 alicujus
931 1380 974 1442 rei
998 1379 1056 1443 ha·

106 1483 245 1548 beremus
279 1485 445 1547 scientiam
478 1485 560 1546 illius
590 1485 652 1562 rei;
677 1485 721 1547 ita
744 1485 916 1548 Avicenna
947 1487 1056 1568 posuit

106 1592 189 1671 quod
209 1613 264 1674 per
287 1593 531 1654 conversionem
560 1592 739 1654 intellectus
763 1593 864 1654 nostri
888 1593 930 1655 ad
954 1593 1053 1668 illam,

104 1698 214 1760 scilicet
241 1698 486 1780 intelligentiam
510 1697 704 1760 haberemus
739 1699 887 1760 notitiam
912 1699 964 1761 rei.
990 1700 1051 1762 Ait

106 1804 184 1866 enim
199 1805 229 1867 in
245 1805 403 1886 principio
419 1805 550 1886 capituli
573 1805 712 1886 allegati,
730 1805 820 1886 quod
840 1826 937 1867 causa
954 1806 1053 1868 dandi

105 1907 234 1972 formam
264 1911 498 1993 intelligibilem
530 1911 648 1973 animae
673 1921 791 1974 nostrae
823 1932 889 1974 non
920 1922 968 1974 est
992 1913 1051 1975 nisi

107 2015 303 2100 intelligentia
335 2018 367 2080 in
391 2018 505 2080 effectu
537 2038 636 2099 penes
659 2039 759 2099 quam
791 2028 866 2080 sunt
895 2019 1053 2102 principio

105 2119 271 2186 formarum
295 2124 543 2206 intelligibilium
568 2125 814 2187 abstractarum.

169 2229 283 2294 Contra
307 2231 403 2294 illam
427 2231 607 2312 opinionem
630 2231 776 2313 arguitur
812 2231 981 2314 dupliciter
1004 2254 1053 2295 se-

106 2339 238 2399 cundum
261 2338 352 2420 quod
375 2340 442 2400 duo
465 2338 567 2419 ponit.
591 2338 707 2400 Primo
730 2338 820 2419 quod
851 2339 972 2421 species
996 2338 1053 2402 flu-

107 2452 158 2504 unt
179 2445 208 2506 in
238 2447 382 2508 animam
414 2454 558 2508 nostram
582 2445 624 2507 ab
654 2445 883 2526 intelligentia3
915 2447 1052 2508 secondo

105 2552 185 2628 quod
203 2553 263 2614 illae
288 2552 410 2635 species
434 2572 500 2614 non
517 2561 650 2614 manent
675 2552 734 2614 nisi
749 2561 824 2615 actu
849 2552 1047 2635 intelligendi

107 2668 253 2722 manente.

163 2765 281 2829 Contra
304 2766 447 2849 primum
471 2766 579 2847 arguit
601 2765 748 2829 Thomas
766 2777 855 2847 pont.
886 2785 915 2832 Ι.
940 2789 969 2848 q.
993 2765 1049 2850 85.

105 2889 131 2929 α.
151 2891 179 2953 4.
202 2874 255 2948 sic,
280 2873 370 2955 quod
393 2872 419 2935 si
443 2873 487 2934 ita
511 2882 593 2935 esset
615 2883 694 2935 tunc
718 2872 835 2936 frustra
859 2873 967 2935 anima
979 2875 1050 2936 uni·

106 2986 181 3040 retur
202 2980 339 3063 corpori,
363 2979 440 3061 quia
463 3001 529 3042 non
553 2989 687 3062 propter
710 2981 853 3061 aliquam
885 2979 1051 3061 perfectio·

105 3100 169 3146 nem
190 3087 308 3149 animae
332 3086 364 3148 in
387 3086 532 3161 essend0,
557 3087 633 3168 quia
656 3085 762 3148 forma
792 3107 858 3149 non
882 3096 930 3148 est
954 3108 1050 3169 prop-

104 3192 144 3250 ter
172 3193 349 3267 materiam,
381 3193 438 3255 sed
469 3214 667 3255 econverso
699 3215 749 3255 en.
773 3213 803 3255 2.
836 3192 949 3274 Phys,
989 3215 1049 3256 nec

105 3307 223 3379 propter
238 3299 468 3382 perfectionem
492 3300 610 3360 animae
627 3300 660 3361 in
684 3302 860 3380 operand0,
885 3301 1048 3381 quianon

105 3403 181 3467 unita
202 3416 310 3488 posset
333 3405 452 3467 habere
475 3406 596 3486 species
616 3406 657 3467 ab
681 3406 891 3488 intelligentia
915 3407 997 3468 sicut
1013 3413 1047 3468 u-

105 3507 168 3574 nita.
183 3513 305 3575 —Ista
321 3512 403 3574 ratio
419 3533 485 3575 non
509 3513 603 3586 valet,
621 3513 697 3594 quia
713 3513 829 3574 eodem
855 3513 954 3575 modo
971 3533 1047 3574 con-

104 3614 191 3680 cludit
205 3620 294 3700 quod
316 3619 425 3681 anima
441 3619 535 3681 beata
559 3618 676 3681 frustra
692 3620 801 3681 unitur
817 3619 953 3701 corpori,
971 3619 1047 3699 quia

105 3737 159 3783 non
179 3736 309 3808 propter
332 3726 474 3808 aliquam
499 3725 729 3808 perfectionem
747 3726 778 3787 in
802 3726 947 3800 essendo,
968 3725 1046 3806 quia
