2634 4267
223 276 228 283 ·
288 256 477 322 D1sa1ncr.
501 257 548 318 111
575 255 723 337 Quasi.
746 256 777 317 11
968 267 1025 334 105

94 459 206 523 nientia
229 462 412 543 probantur
435 482 492 544 per
516 461 588 535 hoc,
614 461 692 543 quia
724 461 810 524 istud
833 459 1065 525 determinans¹

95 586 127 627 se
141 567 269 630 haberet
293 568 338 630 ad
354 578 502 631 naturam
527 567 780 630 determinatam
804 567 885 630 sicut
909 566 1053 630 differen-

94 674 136 734 tia
155 674 196 736 ad
219 695 342 757 genus;
367 675 423 738 sed
450 675 526 757 quia
549 674 728 738 differentia
761 673 839 736 dicit
861 674 958 736 aliam
982 693 1051 735 rem

94 800 115 840 a
135 801 256 862 genere,
288 791 323 844 et
353 781 547 844 determinat
580 801 694 864 genus,
718 789 751 843 et
782 779 950 843 constituit
980 799 1052 861 spe-

97 886 182 961 ciem,
206 888 280 950 ideo
297 888 420 970 species
442 897 491 950 est
514 909 571 970 per
594 908 629 950 se
646 886 826 960 definibilis,
852 886 1051 948 demonstra-

97 991 162 1054 bilis
182 1003 215 1056 et
236 994 373 1071 scibilis;
398 1015 489 1078 erg0.

157 1100 196 1162 In
217 1102 444 1164 contrarium:
460 1121 559 1163 omne
575 1099 705 1162 inferius
720 1099 855 1162 includit
879 1119 935 1181 per
951 1119 985 1162 se
1000 1097 1054 1160 ali-

97 1206 171 1285 quid
193 1208 282 1289 quod
309 1229 375 1271 non
399 1208 578 1271 includitur
601 1227 658 1289 per
674 1228 708 1271 se
724 1207 755 1269 in
772 1206 934 1269 intellectu
959 1227 1053 1288 supe-

101 1310 196 1389 rioris;
219 1316 277 1377 sed
302 1315 510 1377 individuum
527 1324 576 1377 est
592 1313 723 1376 inferius
739 1314 781 1375 ad
798 1313 957 1395 speciem;
973 1333 1053 1395 ergo

102 1415 223 1483 includit
246 1422 391 1504 aliquam
422 1422 593 1484 entitatem
625 1441 703 1502 quae
734 1441 800 1483 non
824 1420 997 1482 includitur
1020 1419 1052 1482 in

99 1526 196 1603 specie
218 1528 285 1590 eive
309 1530 343 1590 in
367 1537 491 1591 natura.
520 1528 585 1592 Sed
609 1528 688 1590 illud
723 1527 851 1590 videtur
873 1547 942 1589 esse
966 1525 1051 1608 prin-

99 1629 211 1709 cipium
235 1634 517 1714 individuationis;
541 1655 631 1717 ergo,

163 1739 385 1805 RESPONSIO:
410 1740 462 1803 hic
484 1750 561 1803 sunt
583 1740 729 1822 quinque
752 1739 901 1802 Articuli.
926 1738 1052 1818 Primo,

40 1821 45 1841 ⁸
100 1840 126 1901 si
147 1853 254 1908 natura
277 1848 384 1930 seipsa
405 1857 454 1910 est
477 1847 652 1913 individua.
679 1845 833 1920 Secundo,
858 1846 883 1908 si
902 1855 949 1907 est
973 1845 1054 1906 indi·

106 1947 193 2012 vidua
214 1974 270 2034 per
294 1955 515 2037 negationem.
543 1948 656 2028 Tertia
681 1953 707 2015 si
730 1961 779 2015 est
808 1952 974 2014 individua
998 1972 1054 2032 per

101 2059 317 2133 quantitatem.
337 2060 469 2138 Quarta,
493 2061 518 2124 si
543 2070 591 2123 est
607 2060 777 2123 individua
793 2079 850 2141 per
874 2058 1052 2121 materiam.

112 2158 227 2240 Quinto,
251 2167 276 2230 si
293 2177 344 2230 est
356 2167 523 2230 individua
540 2188 596 2250 per
612 2167 781 2230 entitatem
798 2165 963 2248 propriam
979 2185 1054 2246 quae

104 2265 209 2332 dicitur
231 2274 353 2355 gradus
376 2274 566 2337 intrinsecus
590 2283 726 2337 naturae.

172 2482 391 2566 Quantum
415 2488 481 2553 acl
490 2488 696 2570 primum
721 2484 982 2559 Artz’oulum,
1006 2494 1055 2547 est

104 2583 218 2663 opinio
240 2590 401 2660 Aureoli
419 2596 454 2661 et
469 2591 688 2680 multorum,
706 2592 796 2675 quod
821 2600 936 2653 natura
951 2591 1055 2672 seipsa

105 2700 152 2752 est
170 2695 329 2762 individua
352 2700 434 2762 sicut
456 2701 560 2782 seipsa
582 2710 631 2763 est
654 2708 779 2762 natura.
814 2698 914 2780 Quod
938 2698 1055 2779 proba-

106 2801 155 2858 tur
175 2806 430 2888 quadrupliciter.

168 2907 277 2975 Primo
301 2914 367 2976 sic:
392 2914 436 2976 ita
466 2935 500 2976 se
524 2897 622 2976 habet
653 2911 872 2978 communitas
894 2921 926 2973 et
949 2911 1056 2992 singu-

113 2999 209 3076 laritas'
225 3021 266 3080 ad
290 3029 451 3095 naturam,
484 3020 567 3083 sicut
590 3040 659 3082 esse
682 3020 714 3081 in
746 3019 908 3080 intellectu
933 3028 965 3080 et
988 3039 1056 3098 esse

113 3133 211 3183 verum
233 3137 326 3190 extra
349 3129 504 3190 animam.
530 3127 594 3191 Sed
618 3127 710 3208 quod
734 3146 784 3187 res
808 3125 926 3187 habeat
941 3146 1055 3186 verum

113 3239 172 3285 esse
191 3241 295 3295 extra·
310 3234 454 3296 animam
477 3243 527 3296 est
548 3255 591 3296 ex
615 3254 658 3307 se,
683 3232 773 3314 quod
804 3241 914 3293 autem
939 3231 1056 3293 habeat

114 3344 173 3392 esse
192 3334 221 3398 in
250 3339 412 3404 intellectu
441 3350 489 3404 est
520 3362 617 3403 causa
648 3341 716 3422 ipse
747 3339 943 3415 intellectus;
976 3359 1055 3420 ergo

113 3446 312 3509 communitas
336 3446 369 3509 in
400 3456 514 3510 natura
537 3448 596 3510 erit
618 3447 661 3509 ab
692 3446 865 3518 intellectu,
890 3454 922 3506 et
946 3444 1056 3526 singu-

114 3536 208 3609 laritas
228 3552 268 3614 ab
290 3554 429 3636 ipsamet
452 3563 568 3616 natura
591 3553 732 3617 formari.

175 3651 309 3722 Secundo
332 3659 395 3722 sic:
426 3661 542 3723 eadem
576 3669 652 3723 sunt
683 3657 839 3742 principia
870 3656 1001 3718 unitatis
1023 3666 1056 3720 et
