2634 4267
364 299 551 362 D1sa1ucr.
575 298 589 361 Ι
614 298 762 380 Qunsr.
786 301 835 364 IV
1023 318 1062 381 33

118 506 290 587 inquirunt
321 506 523 579 alimentum,
548 514 579 568 et
604 506 768 587 inquisitio
791 516 840 569 est
863 507 989 582 relatio;
1013 516 1086 570 tum

115 614 198 694 quia
225 614 317 675 nullo
347 613 506 674 existente
533 612 697 675 intellectu
729 614 851 675 coelum
874 623 923 676 est
954 634 1084 676 sursum

116 730 153 781 et
175 730 262 781 terra
285 720 448 793 deorsum,
480 728 513 781 et
551 718 621 781 istae
653 728 729 781 sunt
760 720 929 782 relationes
961 741 1086 803 respec-

116 827 207 889 tivae.

192 934 271 996 Item
294 943 406 995 contra
430 934 527 995 istam
544 933 724 1014 opinionem
747 934 856 1015 arguit
882 934 980 995 etiam
1006 933 1086 998 Sco-

117 1052 183 1105 tus,
208 1040 325 1103 Primo
348 1041 403 1114 sic,
427 1040 503 1121 quia
526 1060 568 1101 ex
592 1040 644 1101 illa
661 1040 813 1121 opinione
825 1040 1000 1103 destruitur
1013 1042 1086 1102 uni-

119 1158 171 1209 tas
196 1147 350 1222 universi;
375 1167 451 1208 nam
477 1146 582 1208 unitas
598 1146 747 1220 universi,
761 1146 941 1208 secundum
954 1146 1084 1210 Aristo-

118 1256 218 1317 telem
244 1273 296 1317 12.
321 1252 479 1335 Metaplz„
503 1262 552 1315 est
582 1253 614 1315 in
638 1254 750 1315 ordine
781 1253 922 1335 partium
946 1253 1027 1315 inter
1050 1276 1086 1318 se

117 1372 151 1423 et
174 1361 218 1423 ad
243 1360 396 1441 primum,
421 1360 504 1422 sicut
528 1360 633 1421 unitas
655 1360 816 1422 exercitus
839 1369 888 1422 est
911 1360 943 1421 in
971 1360 1086 1424 ordine

118 1467 263 1548 partium
288 1467 449 1530 exercitus
473 1466 554 1528 inter
578 1486 611 1527 se
626 1475 659 1528 et
670 1466 712 1528 ad
725 1467 853 1540 ducem,
866 1466 939 1529 ideo
952 1468 1084 1548 neganti

119 1574 309 1637 relationem
334 1582 426 1636 extra
450 1574 647 1636 intellectum
671 1573 830 1635 diceretur
843 1573 979 1635 verbum
993 1573 1082 1646 illud,

119 1701 169 1743 12.
194 1679 356 1761 Metaplz„
384 1681 474 1761 quod
498 1680 717 1742 inconnexam
741 1678 817 1741 facit
840 1680 979 1741 universi
1010 1680 1084 1742 sul>

118 1788 282 1850 stantiam.
292 1824 337 1834 -
350 1786 494 1849 Secmrdo
506 1787 652 1868 arguitur
665 1786 719 1860 sic,
732 1787 808 1867 quia
821 1796 899 1848 tunc
908 1787 1082 1848 destruitur

117 1895 313 1977 compositio
337 1894 368 1956 in
392 1894 530 1967 entibus,
559 1894 635 1974 quia
667 1892 745 1954 nihil
779 1901 827 1955 est
861 1893 1081 1974 compositum

117 2002 185 2064 sine
210 2002 331 2063 unione
354 2002 505 2082 partium.
531 2001 588 2062 Illa
604 2021 684 2081 ergo
696 2000 774 2062 unio
786 2009 842 2061 aut
856 2009 905 2061 est
916 2020 974 2061 ens
986 2002 1080 2075 reale,

116 2117 149 2170 et
173 2107 313 2169 habetur
336 2108 551 2189 propositum,
576 2117 632 2169 aut
654 2116 704 2169 est
726 2127 783 2168 ens
807 2106 948 2180 rationis,
961 2116 994 2169 et
1018 2106 1081 2169 hoc

117 2235 182 2277 non
208 2223 316 2296 potest
339 2223 423 2276 stare
451 2214 527 2295 quia
561 2214 687 2276 nullum
724 2213 807 2275 reale
841 2214 1004 2294 dependet
1039 2215 1080 2275 ab
1162 2288 1166 2292 ‚

115 2332 191 2383 ente
215 2321 363 2398 rationis;
387 2322 443 2383 sed
467 2321 686 2401 compositum
704 2320 866 2402 dependet
888 2321 930 2382 ab
960 2321 1081 2383 unione

117 2429 277 2509 partium;
294 2448 374 2509 ergo
396 2437 511 2490 etc.-
540 2428 644 2489 Tertio
660 2428 767 2508 arguit
783 2427 872 2508 quod
885 2448 927 2487 ex
951 2427 1004 2488 illa
1025 2448 1081 2508 po

116 2536 233 2596 sitione
258 2534 432 2596 destruitur
458 2535 627 2595 causalitas
653 2553 824 2596 causarum
848 2535 1078 2607 secundarum,

118 2642 196 2722 quia
213 2661 320 2702 causae
337 2642 489 2703 secunda:
503 2649 637 2702 causant
653 2640 897 2721 proportionate
913 2649 945 2702 et
960 2661 1078 2722 appro-

114 2748 258 2821 ximate3
283 2748 335 2808 illa
358 2757 469 2809 autem
494 2746 737 2828 approximatio
760 2755 817 2808 aut
839 2757 888 2808 est
904 2768 960 2809 ens
984 2748 1077 2818 reale,

113 2864 147 2915 et
170 2854 309 2916 habetur
333 2854 546 2935 propositum,
571 2862 627 2915 aut
651 2853 763 2915 relatio
787 2853 927 2927 rationis
952 2862 984 2915 et
1015 2852 1078 2915 hoc

114 2982 181 3023 non
205 2970 314 3042 potest
337 2970 429 3034 stare,
454 2961 530 3042 quia
565 2960 697 3022 effectus
728 2960 819 3022 realis
855 2982 919 3021 non
944 2961 1078 3041 requirit

112 3088 170 3129 ens
195 3068 328 3130 rationis
352 3068 383 3129 in
407 3088 504 3130 causa
528 3068 715 3140 necessario,
740 3068 796 3128 sed
825 3067 956 3128 effectus
985 3070 1078 3131 realis

113 3175 248 3256 requirit
267 3174 584 3255 approximationem
607 3193 793 3249 causarum;
810 3194 898 3254 ergo.
913 3212 956 3219 --
973 3173 1077 3249 Quar-

114 3294 143 3343 to
166 3282 315 3364 arguitur
332 3281 387 3354 sic,
411 3262 487 3362 quia
503 3302 545 3342 ex
562 3279 623 3341 hoc
640 3280 815 3342 destruitur
832 3280 957 3341 realitas
973 3282 1073 3342 scien-

110 3390 163 3451 tiae
189 3388 442 3460 mathematicae,
468 3407 543 3448 nam
568 3388 708 3449 scientiae
733 3389 832 3448 reales
845 3387 1070 3449 demonstrant

111 3497 276 3576 passiones
300 3494 414 3569 reales3
440 3494 495 3554 sed
512 3494 652 3555 scientiae
678 3493 917 3555 mathematicae
939 3494 1075 3555 demon-

111 3613 212 3666 strant
235 3603 362 3684 aliquas
386 3600 550 3681 passiones
563 3600 692 3661 rationis
705 3599 861 3672 relativae
876 3608 954 3680 puta
967 3622 1077 3681 aequa-

110 3712 230 3774 litatem
255 3719 288 3773 et
312 3706 568 3787 inaequalitatem
592 3717 624 3768 et
640 3699 842 3786 hujusmodi}
860 3726 1002 3786 ergo—
1019 3707 1078 3767 Ad

965 3834 979 3874 a
