2634 4267
271 280 336 356 284
513 277 588 340 Lro.
614 277 644 339 ΙΙ
669 276 963 341 Ssnrunrrnnvu

241 503 316 546 rum
341 483 469 566 Corpus
492 483 622 547 Christi.
647 483 742 546 Tunc
765 503 888 565 quaer0,
913 484 988 565 quis
1011 493 1078 546 erat
1099 483 1194 546 termi-

241 610 304 653 nus
327 589 584 664 consecrationis,
608 599 666 652 aut
690 589 824 653 materia
846 611 939 671 pura,
975 599 1009 652 et
1045 589 1104 652 hoc
1134 610 1193 652 non
1275 601 1276 610 ¹

243 705 279 760 ut
303 705 393 779 patet
416 717 473 779 per
496 716 546 772 se;
570 706 628 759 aut
650 697 761 758 anima
784 696 990 771 intellectiva,
1014 707 1048 759 et
1063 696 1121 759 hoc
1135 716 1192 758 non

242 802 320 884 quia
341 803 452 865 anima
474 803 669 867 intellectiva
691 803 872 866 secundum
890 823 1007 865 omnes
1023 812 1070 866 est
1081 803 1121 864 ibi
1133 812 1192 864 tan·

239 919 314 972 tum
338 910 518 972 secundum
542 909 848 984 concomitantiam;
872 919 929 972 aut
959 931 1078 992 corpus
1110 908 1194 970 inlor-

245 1026 371 1080 matum
401 1017 510 1099 aliqua
540 1015 645 1080 forma
678 1016 889 1090 substantiali,
925 1026 958 1079 et
993 1025 1072 1079 ωηο
1094 1036 1193 1098 quaero
1276 1039 1277 1054 ¹

243 1144 318 1205 quae
342 1124 383 1185 sit
405 1123 467 1197 illa,
492 1123 568 1205 quia
591 1133 647 1186 aut
670 1123 780 1186 anima
797 1123 1001 1198 intellectiva,
1019 1131 1051 1185 et
1067 1122 1192 1185 hocnon

240 1230 321 1312 quia
343 1238 412 1292 erat
435 1230 467 1292 in
492 1229 610 1307 limbo;
634 1238 691 1292 aut
714 1230 785 1304 alia,
810 1238 843 1292 et
873 1239 953 1291 tunc
988 1231 1039 1292 vel
1062 1238 1139 1292 essct
1158 1229 1193 1290 de

245 1357 332 1399 novo
355 1337 550 1416 introducta,
573 1346 606 1399 et
629 1357 696 1399 non
719 1348 803 1398 esset
825 1346 904 1398 tunc
938 1336 1086 1400 Christus
1118 1336 1192 1398 idem

244 1443 449 1506 individuum
473 1463 627 1518 numero;
651 1444 702 1505 vel
726 1443 826 1505 altera
848 1463 925 1524 quae
949 1441 1090 1524 praefuit,
1106 1452 1135 1504 et
1149 1442 1193 1503 ha·
1277 1425 1278 1498 l

245 1550 340 1613 betur
364 1551 579 1632 propositum.
1277 1531 1278 1534 Ἴ

313 1655 470 1729 Secundo,
509 1656 584 1739 quia
630 1657 691 1718 ista
726 1656 848 1738 positio,
881 1656 1018 1719 destruit
1062 1655 1193 1737 reliquias

246 1761 357 1827 Sancti
382 1763 546 1826 Dominici
568 1770 602 1825 et
624 1763 773 1825 omnium
799 1762 1007 1826 Sanctorum.
1033 1762 1191 1826 Probatio:

242 1869 407 1933 christiani
431 1869 589 1932 exhibent
612 1869 826 1932 reverentiam
850 1870 1042 1952 corporibus
1075 1869 1192 1934 Sancto
1278 1885 1279 1904 l

246 1997 329 2041 rum.
353 1977 447 2038 Tunc
463 1997 577 2057 quaero
600 1985 657 2038 aut
681 1976 712 2038 in
733 1976 793 2038 illis
816 1977 1008 2058 corporibus
1032 1985 1192 2038 manetea·

242 2084 321 2146 dem
346 2081 451 2145 forma
467 2082 687 2146 substantialis
710 2103 786 2164 quae
811 2082 871 2145 suit
887 2103 962 2145 cum
987 2083 1098 2147 anima
1119 2081 1193 2145 intel·

245 2189 370 2263 lectiva,
394 2199 427 2251 et
461 2189 598 2252 habetur
623 2189 847 2271 propositum;
882 2199 940 2252 aut
971 2189 1043 2264 alia,
1068 2199 1100 2252 et
1128 2199 1193 2251 tunc
1279 2165 1280 2212 ἶ

244 2316 312 2360 ηοη
336 2305 411 2358 sunt
434 2296 578 2378 reliquiae
601 2305 790 2359 sanctorum
814 2295 1019 2358 venerandae.

320 2508 541 2593 Quantum
559 2509 623 2574 ad
633 2513 845 2592 quartum
859 2508 1112 2575 Articulum
1134 2509 1193 2570 dico

253 2616 343 2697 quod
359 2616 498 2678 rationes
517 2614 678 2696 opinionis
694 2615 809 2697 primae
826 2636 891 2678 non
908 2617 1119 2679 concludunt.

312 2723 370 2784 Ad
383 2723 543 2804 primum,
583 2722 717 2804 quando
740 2722 857 2785 dicitur
891 2723 981 2804 quod
1006 2744 1110 2785 unum
1138 2739 1192 2784 esse

243 2829 377 2910 requirit
394 2849 494 2891 unam
510 2828 661 2902 formam,
679 2850 767 2911 nega.
793 2829 899 2892 Aliter
915 2838 1025 2910 potest
1042 2829 1103 2892 dici
1118 2826 1192 2911 quod

246 2935 379 3019 requirit
409 2956 510 2998 unam
544 2935 684 2998 formam
709 2935 858 2998 ultimate
892 2935 1141 3018 specificantem,
1167 2941 1193 2995 et

246 3042 307 3104 ista
318 3052 366 3104 est
378 3043 488 3104 anima
500 3042 703 3116 intellectiva,
721 3063 797 3124 quae
811 3042 959 3106 ultimate
974 3053 1086 3106 actuat
1097 3060 1192 3124 quan·

245 3149 295 3211 vis
328 3149 425 3210 aliam
449 3159 623 3230 supponat.
665 3147 879 3232 Confirmatio
913 3170 979 3212 non
1012 3151 1107 3224 valet,
1128 3146 1189 3229 quia

247 3255 463 3337 Philosophus
486 3256 564 3320 dicit
587 3257 726 3319 ibidem:
751 3265 807 3318 aut
831 3256 856 3318 si
872 3266 930 3331 est,
944 3265 980 3318 ut
1000 3257 1130 3319 materia
1142 3260 1187 3316 est.

250 3403 253 3408 -
314 3363 435 3425 Eodem
460 3363 551 3425 modo
585 3363 633 3425 ad
651 3365 850 3426 secundum:
875 3363 965 3445 quod
1000 3363 1129 3426 advenit
1147 3358 1189 3422 ali·

246 3466 298 3530 cui
321 3469 386 3531 enti
410 3469 442 3531 in
466 3478 540 3531 acto
564 3470 715 3532 ultimato
739 3478 771 3532 et
794 3468 944 3551 specifico
979 3477 1028 3532 est
1051 3469 1130 3532 bene
1148 3485 1188 3527 ac·

244 3575 374 3652 cidens;
398 3576 455 3638 sed
478 3596 535 3657 per
559 3576 646 3638 illam
670 3574 811 3637 sormam
843 3575 1082 3657 praecedentem
1105 3573 1187 3636 horno

171 3689 173 3693 ’
248 3699 314 3741 ηοη
337 3681 460 3741 eratin
484 3690 558 3742 actu
583 3680 734 3762 specifico
759 3681 914 3745 ultimate.
