2634 4267
323 275 510 340 Drsmucr.
536 277 598 338 XL
623 276 769 357 QUAEST.
795 278 825 340 ΙΙ
984 227 1075 357 '419

114 392 401 401 -.—.—

500 480 676 561 QuAEsmo
700 482 730 545 II

444 623 589 687 Secundo
611 625 792 707 qureritur:

188 782 297 837 Utrum
315 782 405 836 omnis
423 784 505 836 notus
522 783 649 837 exterior
672 783 747 838 bona
771 782 929 838 intentione
946 782 1041 837 iaotuu
1058 784 1097 837 ult

122 870 306 927 meritorium
399 868 404 875 ’

199 1016 338 1078 Videtur
361 1016 451 1097 quod
475 1016 535 1078 sic:
561 1016 637 1097 quia
661 1037 726 1078 non
750 1015 858 1097 potest
888 1016 984 1078 arbor
1008 1017 1098 1079 bona

127 1122 276 1185 fructum
301 1124 423 1184 malum
448 1122 551 1184 facere
582 1143 639 1203 per
664 1122 865 1186 Salvatorem
890 1124 926 1185 in
949 1122 1097 1197 Mamm,-

126 1230 189 1292 sed
213 1229 299 1291 bona
322 1230 418 1290 arbor
441 1238 489 1290 est
512 1229 598 1291 bona
618 1230 771 1305 intenti03
796 1250 875 1311 ergo
899 1250 965 1291 non
990 1239 1097 1310 potest

127 1336 257 1398 fructus
280 1335 382 1397 malos
418 1335 538 1411 facere3
563 1357 641 1418 ergo
677 1335 752 1397 iacit
786 1357 870 1417 opus
904 1336 1029 1398 bon'um
1064 1346 1097 1398 et

128 1464 190 1525 per
214 1463 414 1523 consequens
438 1443 650 1505 meritorium.
876 1514 878 1533 .

202 1566 231 1611 2.
256 1549 425 1623 Praeterea‚
450 1559 588 1611 nonest
616 1550 748 1612 minoris
779 1550 930 1611 efficaciae
961 1550 1097 1612 intentio

132 1658 223 1719 bona
246 1676 345 1736 quam
379 1657 479 1731 mala;
516 1657 572 1718 sed
606 1657 712 1717 omnis
746 1665 838 1718 actus
873 1655 977 1717 factus
1013 1657 1098 1718 mala

130 1763 311 1825 intentione
334 1771 382 1824 est
416 1763 656 1843 demeritorius;
681 1784 760 1845 ergo
795 1763 901 1824 omnis
935 1771 1027 1824 actus
1050 1762 1098 1825 fa-

130 1874 206 1932 ctus
229 1869 316 1931 bona
339 1869 516 1931 intentione
539 1878 587 1931 est
611 1870 803 1932 meritorius,
1044 1948 1048 1957 Ι

200 1976 241 2037 In
264 1976 464 2037 contrarium
499 1984 589 2057 putet
601 1998 657 2057 per
682 1976 917 2057 Philosophum
933 1996 964 2038 2.
982 1976 1095 2039 Etlzz‘c.

132 2082 299 2163 quaedam,
324 2082 438 2162 inquit,
463 2103 561 2163 opera
596 2091 672 2145 sunt
695 2104 770 2164 quae
794 2082 963 2144 confestim
996 2083 1099 2145 nomi-

133 2197 211 2251 nata
245 2196 356 2249 tenent
393 2198 578 2250 extremum
617 2190 780 2264 vitiosum,
816 2198 852 2250 ut
876 2189 1034 2271 gaudium
1058 2190 1100 2251 de

137 2295 234 2368 malm
258 2295 462 2368 adulterium,
489 2295 701 2357 homicidium
725 2306 757 2357 et
789 2296 994 2377 hujusmodi;
1018 2317 1098 2377 ergo

134 2410 428 2483 quantumcunque
469 2401 549 2464 fiant
583 2403 635 2463 iila
670 2404 756 2465 bona
779 2403 967 2478 intentione,
1000 2424 1098 2464 num·

133 2528 235 2589 quam
259 2517 354 2570 erunt
377 2509 538 2570 meritoria
562 2530 670 2589 opera.

203 2616 436 2678 RESPONDEo.
461 2616 601 2677 Intentio
625 2615 692 2677 duo
715 2624 823 2696 potest
843 2616 957 2677 dicere.
982 2616 1097 2677 Primo

134 2720 319 2782 interiorem
344 2730 472 2784 motum
497 2722 528 2782 in
552 2722 699 2783 debitum
716 2721 824 2784 finem.
844 2721 989 2783 Secundo
1005 2722 1096 2784 modo

135 2828 272 2890 intentio
295 2829 470 2889 voluntatis
494 2829 646 2890 ordinans
679 2838 788 2890 actum
820 2829 1014 2891 exteriorem
1039 2850 1098 2909 po-

136 2943 200 2997 test
234 2934 339 2996 dicere
373 2934 471 2997 finem
508 2936 681 2997 intentum.
714 2935 747 2998 Si
779 2935 886 3015 primo
921 2935 1012 2997 modo
1047 2956 1101 2996 su-

137 3050 244 3102 matur
268 3041 403 3103 intentio
426 3042 470 3103 sic
493 3050 541 3103 est
572 3042 767 3122 principium
804 3041 947 3103 merendi
970 3050 1003 3103 et
1026 3042 1100 3103 dico

137 3149 226 3227 quod
247 3140 341 3210 actus
364 3149 504 3210 exterior
539 3158 617 3210 tunc
648 3158 697 3210 est
732 3148 913 3210 meritorius
948 3169 1024 3209 cum
1047 3148 1099 3210 ille

137 3253 179 3315 sit
201 3254 367 3316 ordinatus
395 3264 427 3317 et
461 3255 584 3317 elicitus
619 3254 827 3317 conformiter
863 3263 959 3316 rectae
983 3255 1099 3315 rationi

136 3370 285 3441 respectu
309 3362 407 3423 debiti
431 3351 512 3435 finio
536 3370 568 3422 et
592 3360 711 3423 habeat
734 3361 1099 3447 principiumumerendi

136 3477 170 3530 et
193 3469 303 3529 omnia
326 3488 401 3548 quae
426 3468 632 3548 requiruntur
663 3469 705 3530 ad
739 3477 850 3530 actum
887 3467 1098 3532 meritorium.

138 3573 172 3637 Si
195 3582 306 3636 autem
329 3582 476 3635 sumatur
499 3575 635 3637 intentio
657 3576 793 3637 secondo
816 3574 916 3649 modu,
930 3584 1008 3635 tunc
1033 3594 1099 3635 non
1118 3636 1121 3641 ,
1208 3570 1213 3583 ⁶

136 3681 243 3743 omnis
266 3690 357 3743 actus
381 3679 467 3742 bona
494 3681 671 3743 intentione
697 3680 801 3743 factus
835 3691 883 3744 est
918 3680 1101 3742 meritorius
