2634 4267
281 273 346 347 299
543 254 617 317 Lns.
643 255 673 317 ΙΙ
698 254 997 319 Snnrnnrinauru

259 460 352 523 Deus
374 470 456 522 esset
480 457 652 542 perfectior
684 479 812 535 musca;
845 460 902 522 sed
926 461 1048 522 coelum
1081 470 1198 523 nonest

259 567 400 629 nobilius
422 566 492 647 ipsa
515 564 621 628 forma
645 566 778 639 sentiva,
803 567 880 647 quia
915 587 1015 629 omne
1038 569 1140 629 vivum
1161 576 1200 628 est

198 650 204 661 ⁶
259 673 399 735 nobilius
422 693 488 734 non
512 672 588 734 vivo
611 672 793 735 secundum
818 672 1066 755 Augustinum3
1089 694 1166 754 ergo.

325 781 384 843 Ad
412 780 507 843 illam
539 780 698 842 rationem
734 781 830 841 datur
855 800 920 841 una
956 780 1117 861 responsio
1138 800 1200 861 quae

258 889 336 949 data
358 896 406 950 est
430 907 529 968 supra
544 887 620 949 dist.
646 905 698 970 14.
724 909 754 969 q.
779 904 809 949 Ι.
826 908 857 950 a.
885 903 925 960 2.‚
951 887 1027 949 vide
1042 887 1094 949 ibi.
1116 887 1148 947 ln
1162 885 1202 946 his

258 1004 369 1057 autern
393 1014 470 1075 quae
506 995 694 1075 producunt
730 993 845 1056 similia
881 994 1029 1067 taediata,
1055 1003 1089 1055 ut
1118 992 1202 1054 homo

261 1109 394 1183 generat
418 1100 597 1173 hominem,
622 1109 753 1182 oportet
784 1120 905 1181 ponere
929 1120 1040 1162 semen
1071 1109 1101 1161 et
1123 1099 1201 1160 ratio

261 1228 336 1270 nem
359 1208 559 1269 seminalem.
586 1209 622 1270 ln
647 1207 696 1269 his
716 1216 841 1269 autem
866 1227 942 1288 quae
974 1207 1152 1288 producunt
1170 1205 1201 1265 si-

262 1315 348 1376 milia
372 1313 568 1387 immediate,
594 1323 630 1376 ut
665 1313 748 1395 ignis
772 1314 892 1395 ignem,
919 1334 984 1376 non
1009 1321 1132 1395 oportet
1158 1332 1202 1393 po

262 1441 337 1483 nere
360 1420 518 1482 rationem
542 1420 742 1495 seminalem,
767 1421 857 1501 quod
882 1420 1040 1501 probatur

328 1526 465 1589 Prima:
489 1528 649 1589 elementa
672 1536 748 1589 sunt
771 1525 1049 1608 imperfectissima
1083 1526 1159 1588 entia
1178 1524 1202 1584 in
1270 1558 1271 1561 =

263 1653 380 1715 genere
403 1634 603 1706 substantiae,
628 1635 711 1695 sicut
735 1642 823 1714 patet
841 1654 898 1714 per
923 1632 1202 1696 Commentatorem

258 1758 292 1819 3.
316 1740 355 1801 de
377 1739 453 1801 calo
475 1749 507 1802 ct
528 1741 673 1813 mundo,
699 1741 755 1802 sed
779 1760 889 1801 semen
925 1740 1143 1821 cujuscunque
1166 1745 1202 1797 est

262 1844 481 1927 imperfectius
515 1847 668 1927 eoquod
699 1846 815 1909 dicitur
839 1867 882 1908 ex
917 1846 1041 1908 semine
1064 1842 1201 1927 generari;

261 1974 376 2034 ergo.¹

330 2060 503 2132 Praeterea,
543 2080 653 2123 semen
679 2080 744 2121 non
769 2061 901 2141 ponitur
937 2060 997 2121 nisi
1023 2038 1058 2122 iit
1082 2058 1202 2121 medium
1275 2042 1276 2047 ἵ

263 2168 345 2228 inter
370 2167 512 2247 primum
536 2186 637 2249 agens
661 2176 692 2229 et
710 2167 862 2231 ultimum
887 2166 1058 2242 effectum;
1083 2166 1134 2228 sed
1149 2165 1203 2225 hac

264 2275 349 2335 actio
372 2282 420 2334 est
443 2273 648 2348 immediata;
674 2295 763 2355 ergo.
794 2312 797 2317 ι

337 2378 457 2462 Contra
481 2381 559 2442 illud
584 2381 737 2442 ultimum
762 2365 885 2442 (lictum
911 2389 987 2442 sunt
1011 2381 1149 2461 quinque
1168 2396 1204 2437 ra-

265 2488 369 2549 tiones
394 2487 508 2568 positae
534 2484 750 2568 in'principio
784 2486 982 2568 quaestionis.
1016 2487 1061 2548 Et
1084 2494 1153 2547 sunt
1171 2502 1206 2543 ra·

265 2595 369 2656 tiones
404 2594 565 2674 opinionis
600 2616 675 2675 quae
712 2594 804 2675 ponit
833 2594 922 2674 quod
958 2592 1065 2655 forma
1095 2588 1206 2674 praeexi·

265 2701 321 2762 stit
336 2701 367 2761 in
390 2701 523 2762 materia
540 2700 720 2761 secundum
745 2701 883 2781 gradum
900 2699 1134 2783 imperfectum,
1149 2696 1204 2757 ideo

265 2808 307 2868 ad
331 2828 384 2868 eas
409 2808 591 2888 respondeo
617 2808 725 2868 modo

333 2915 392 2975 Aa'
399 2914 548 2993 primum
566 2914 640 2975 dico
655 2914 746 2994 quod
764 2934 829 2975 non
847 2913 991 2994 sequitur
1009 2912 1133 2984 creatio,
1148 2906 1206 2989 quia

265 3022 386 3082 creatio
410 3020 555 3081 excludit
579 3030 690 3081 actum
721 3020 943 3101 cujuscunque
974 3040 1082 3081 causae
1111 3014 1206 3080 extrin-

267 3148 349 3188 secae
375 3128 570 3202 necessari03
596 3128 648 3188 hic
672 3132 782 3189 aulem
808 3128 1074 3207 praesupponitur
1097 3119 1206 3186 materia

267 3235 419 3315 quamvis
443 3255 508 3295 non
534 3236 655 3316 gradus
679 3234 824 3318 formae„

341 3340 438 3415 Quod
458 3341 490 3402 si
511 3363 637 3423 arguas
659 3352 771 3403 coartaa
795 3342 835 3403 de
858 3340 967 3402 anima
990 3338 1172 3403 intellectiva
1183 3339 1207 3393 et

269 3447 373 3529 gratia
397 3469 471 3528 quae
491 3457 753 3530 praesupponunt
776 3448 906 3528 aliquid,
923 3447 1000 3528 quia
1024 3448 1128 3510 anima
1143 3459 1207 3523 prae·

267 3554 424 3634 supponit
440 3575 567 3636 corpus,
592 3565 625 3615 et
641 3555 744 3635 gratia
768 3554 921 3627 animam,
939 3564 971 3615 et
994 3563 1104 3616 tamen
1120 3565 1207 3612 crean-

269 3667 331 3718 tur.
357 3659 438 3718 Da'ca
461 3660 551 3737 quod
575 3679 641 3720 non
666 3668 713 3720 est
736 3680 860 3733 verum,
884 3660 960 3740 quia
977 3662 1070 3723 Deus
1093 3677 1152 3721 non
1170 3670 1208 3713 nc
