2634 4267
366 236 551 299 DISTINCT.
576 238 605 299 II
630 234 807 317 Quasnl
1035 236 1075 314 65

135 462 171 504 se
195 442 359 523 quosdam
383 440 482 514 Deos,
507 449 540 503 et
555 441 628 503 ideo
652 462 718 504 non
735 442 828 523 ponit
850 442 993 524 aliquam
1011 462 1101 504 men-

134 568 248 611 suram
280 548 529 610 convenientem
561 548 617 610 tali
648 549 826 631 operationi
861 569 975 611 eorum
1007 548 1101 611 simul

136 664 256 717 totam.

208 758 348 828 Contra
372 760 488 828 istam
516 758 803 829 Conclusionem
826 762 973 844 arguitur
990 762 1100 843 primo

134 869 199 930 sic:
224 888 300 949 quae
324 868 446 931 habent
470 888 572 931 unum
598 867 793 930 uniformem
819 869 954 930 modum
972 889 1103 931 manen-

133 975 169 1036 di
204 974 326 1036 habent
358 995 544 1036 mensuram
576 974 723 1054 ejusdem
759 974 900 1047 rationis,
934 975 1007 1044 licet
1038 996 1102 1037 una

136 1081 262 1143 diutius
286 1091 415 1142 maneat
438 1102 538 1161 quam
555 1081 633 1157 alia;
659 1082 715 1143 sed
732 1081 876 1164 cognitio
899 1082 1006 1163 angeli
1021 1082 1101 1143 dum

138 1196 251 1250 manet
281 1187 379 1250 habet
409 1187 549 1249 eundem
575 1188 711 1249 modum
736 1188 888 1250 manendi
911 1209 987 1250 cum
1017 1189 1102 1250 exis-

137 1295 241 1356 tentia
264 1294 379 1376 angeli,
404 1295 477 1356 licet
508 1315 573 1357 non
590 1294 709 1356 habeat
732 1303 857 1356 tantam
885 1295 1101 1373 durationem;

138 1401 239 1483 igitur
263 1401 361 1463 habet
392 1421 577 1462 mensuram
602 1400 747 1481 ejusdem
776 1401 907 1463 rationis
930 1422 1006 1462 cum
1038 1402 1103 1463 exi-

136 1508 265 1571 stentia.
283 1507 349 1571 Sed
372 1508 545 1571 existentia
561 1516 768 1569 mensuratur
791 1528 864 1569 aevo
887 1517 919 1570 et
943 1527 1008 1570 non
1024 1516 1104 1570 tem-

139 1636 236 1696 pore;
261 1635 349 1696 ergo
374 1650 418 1661 -
443 1613 484 1676 Si
504 1614 637 1676 dicatur
659 1614 750 1695 quod
774 1614 844 1693 ejus
867 1615 1010 1696 cognitio
1038 1635 1102 1677 non

137 1742 268 1802 semper
284 1721 352 1795 erit,
369 1720 540 1783 existentia
555 1729 667 1782 autem
684 1741 812 1802 semper
836 1720 904 1789 erit,
921 1730 953 1783 et
976 1721 1020 1783 ita
1037 1742 1102 1783 non

138 1837 188 1891 est
210 1828 314 1889 simile
330 1829 370 1889 de
394 1827 565 1890 existentia
580 1836 614 1889 et
636 1827 833 1910 cognitione;
851 1827 949 1889 Istud
969 1849 1032 1890 non
1049 1849 1104 1890 va-

139 1936 184 1997 let
197 1935 275 2017 quia
299 1932 323 1996 si
347 1936 483 2016 angelus
506 1933 588 1997 foret
619 1934 857 2008 annihilanduS,
884 1956 949 1996 non
970 1944 1103 2016 propter

139 2042 202 2105 hoc
221 2061 288 2103 non
306 2050 510 2102 mensuratur
527 2062 600 2102 aevo
623 2041 704 2101 dum
729 2050 849 2102 manet.
867 2078 909 2086 —
934 2040 975 2103 Si
996 2052 1103 2103 curtem

137 2148 273 2211 dicatur
294 2148 383 2229 quod
407 2148 440 2208 in
463 2147 532 2227 ejus
556 2155 717 2228 potestate
740 2157 788 2210 est
812 2147 930 2236 habere
962 2149 1011 2210 vel
1037 2169 1102 2209 non

139 2255 259 2317 habere
277 2254 369 2315 istam
386 2254 617 2335 cognitionem,
635 2274 701 2315 non
722 2254 765 2315 sic
782 2263 891 2316 autem
909 2265 957 2316 est
972 2255 1014 2316 de
1034 2254 1103 2334 ejus

138 2360 329 2435 existentia;
353 2359 410 2422 doc
427 2381 489 2422 non
514 2360 610 2432 valet,
632 2360 709 2442 quia
731 2360 812 2421 sicut
836 2360 1011 2441 aliquando
1038 2382 1103 2424 non

138 2468 208 2530 sore
232 2487 298 2529 non
329 2467 432 2529 variat
455 2487 640 2529 mensuram
673 2467 853 2529 existentiae
885 2469 991 2550 angeli
1022 2469 1102 2530 dum

139 2583 261 2648 manet,
286 2574 330 2635 ita
362 2574 464 2635 multo
490 2573 593 2655 magis
617 2573 679 2635 ista
713 2594 810 2635 causa
833 2594 890 2655 per
920 2595 1019 2656 quam
1044 2575 1104 2636 ista

140 2681 361 2763 potentialitas
385 2689 492 2762 potest
516 2680 627 2742 reduci
651 2681 693 2742 ad
717 2690 837 2742 actum.

208 2786 354 2850 Secundo
384 2787 446 2849 sic:
479 2808 592 2849 omnes
625 2788 809 2849 concedunt
839 2796 949 2849 actum
981 2786 1104 2850 beatifi-

138 2916 215 2958 cum
239 2894 346 2975 angeli
371 2894 547 2956 mensurari
582 2914 665 2966 aev0,
690 2902 722 2955 et
746 2902 835 2975 patet
859 2915 916 2975 per
946 2894 1104 2975 Augusti-

138 3022 220 3064 num
243 3001 284 3062 de
297 3000 370 3083 fide
392 3002 440 3063 ad
466 2996 626 3074 Petrum}
650 3001 707 3063 sed
738 3010 829 3062 actus
858 3000 1025 3062 beatificus
1049 3022 1103 3063 ne-

138 3108 293 3172 cesssario
309 3107 444 3170 includit
466 3108 517 3170 vel
539 3107 765 3190 praesupponit
780 3116 890 3169 actum
912 3108 1102 3183 naturalem,

138 3216 266 3279 nullum
298 3223 410 3277 autem
441 3214 634 3276 aeviternum
667 3215 802 3276 includit
833 3214 1020 3287 necessario,
1052 3216 1102 3277 vel

139 3322 367 3405 praesupponit
397 3320 520 3403 aliquid
552 3322 713 3402 posterius
736 3322 901 3395 aevitern0,
934 3322 1023 3402 quod
1048 3322 1104 3383 sci·

139 3431 212 3493 licet
235 3437 442 3492 mensuratur
471 3448 622 3490 mensura
645 3428 830 3510 posteriori;
862 3448 940 3509 ergo
965 3428 1023 3489 iste
1050 3449 1102 3489 ac-

140 3546 191 3600 tus
214 3535 372 3600 naturalis
396 3534 452 3617 qui
476 3536 750 3616 praesupponitur,
775 3535 948 3597 includitur
972 3534 1003 3596 in
1028 3543 1101 3596 actu

142 3644 297 3721 beatifico,
322 3652 358 3706 et
382 3662 448 3704 non
472 3651 677 3704 mensuratur
699 3650 846 3722 tempore

997 3767 1011 3807 5
