2634 4267
991 20 1261 125 a*

321 326 384 402 388
564 318 639 387 Lrn.
664 322 694 385 ΙΙ
719 322 1013 387 Snurnnrmnuu

361 529 401 591 In
424 529 624 591 contrarium
649 538 697 610 est
721 527 876 611 Magister
913 537 946 591 et
978 527 1172 609 Augustinus
1203 528 1239 588 de

292 634 449 716 baptismo
466 637 696 718 parvulorum,
713 636 768 717 qui
792 636 983 716 dicitquod
1006 656 1100 716 poena
1117 634 1235 695 illorum

292 742 503 823 parvulorum
526 752 575 806 est
599 743 778 805 mitissima.

359 851 592 914 RESPONDEO.
618 850 682 912 Hic
704 859 780 911 sunt
795 859 937 932 quatuor
953 851 1105 912 videnda:
1122 848 1231 929 primo,

289 954 315 1015 si
343 967 477 1036 peccata
512 966 687 1038 parentum
722 966 891 1019 transeunt
926 957 958 1019 in
994 956 1090 1019 filios:
1112 955 1234 1017 secundo

289 1062 313 1123 si
338 1072 509 1143 peccatum
534 1064 691 1145 originale
717 1074 765 1125 est
800 1084 903 1127 unum
938 1065 989 1126 vel
1026 1064 1129 1144 plura:
1153 1070 1233 1123 tertio

288 1168 313 1229 si
337 1178 385 1230 est
408 1169 576 1250 aequaliter
600 1170 631 1231 in
652 1171 822 1232 omnibus:
845 1181 960 1252 quarto
976 1173 1018 1233 ad
1036 1169 1230 1251 propositum.

359 1380 584 1467 (letardum
609 1387 674 1451 ad
684 1385 890 1468 primum
916 1386 989 1447 dico
1020 1395 1084 1447 tres
1107 1384 1227 1449 Conclu-

285 1487 406 1550 siones:
439 1490 568 1562 Prima,
608 1492 699 1575 quod
733 1501 867 1573 peccata
901 1492 1041 1555 actualia
1075 1502 1224 1574 parentum

284 1614 349 1657 non
374 1604 542 1658 transeunt
569 1598 601 1659 in
636 1597 719 1660 filios
753 1608 915 1680 quantum
950 1600 992 1661 ad
1027 1601 1160 1681 culpam.
1182 1597 1223 1659 Se-

281 1702 400 1773 cunda,
429 1704 519 1783 quod
545 1713 679 1785 peccata
696 1715 869 1785 parentum
886 1705 1062 1787 aliquando
1078 1713 1222 1768 transeunt

282 1806 315 1868 in
339 1807 421 1870 filios
444 1820 605 1891 quantum
629 1812 671 1872 ad
695 1832 830 1894 poenam
866 1814 1089 1893 temporalem.
1118 1812 1215 1880 Tertia,

281 1915 372 1993 quod
397 1936 461 1977 non
486 1925 653 1979 transeunt
677 1918 709 1980 in
733 1917 815 1981 filios
838 1929 999 2000 quantum
1035 1922 1077 1982 ad
1107 1937 1216 2001 poenam

280 2030 448 2083 aetemam.

347 2127 523 2195 Prllnom
553 2131 670 2211 probat
701 2132 858 2214 Magister
880 2145 949 2215 cap.
970 2154 1004 2217 5.
1030 2134 1125 2217 hujus
1146 2131 1213 2194 oisr.

278 2253 335 2313 per
360 2234 422 2297 hoc
445 2237 535 2316 quod
559 2258 659 2318 poena
686 2240 898 2320 parvulorum
934 2262 1000 2303 non
1036 2251 1114 2304 esset
1138 2238 1213 2301 mitis·

277 2339 359 2401 sima
382 2342 438 2403 sed
463 2343 618 2418 maxima,
644 2346 720 2426 quia
743 2366 786 2407 ex
814 2368 881 2429 quo
917 2346 1073 2411 haberent
1105 2354 1209 2429 peecata
1272 2365 1274 2370 ·

277 2457 449 2525 parentum
466 2460 626 2529 quantum
643 2454 685 2514 ad
702 2454 833 2534 culpam
851 2455 1042 2535 punirentur
1058 2477 1113 2536 pro
1126 2454 1208 2515 eis—

281 2550 503 2635 Confirmatur
526 2576 582 2637 per
607 2557 805 2620 Anselmum
829 2561 869 2622 de
890 2573 1038 2642 conceptu
1058 2557 1204 2643 virginali:
1269 2569 1271 2620 l

274 2657 393 2738 injusti,
429 2661 544 2742 inquit,
580 2684 646 2725 non
682 2666 810 2728 addunt
844 2668 910 2729 suis
944 2667 1115 2731 infantibus
1143 2666 1203 2745 iuju-
1267 2645 1270 2786 >l

274 2765 404 2830 stitiam.
429 2806 472 2813 -
496 2770 576 2831 Item
606 2771 722 2834 Glossa
756 2773 791 2835 in
827 2774 1001 2838 Hieremia
1036 2775 1108 2838 dicit
1136 2771 1201 2855 quod

273 2881 407 2952 peccata
431 2884 602 2956 parentum
627 2877 698 2940 filiis
722 2900 788 2942 non
811 2880 1027 2962 imputantur.

340 2975 512 3049 Secundo
560 2980 756 3053 Conclusio
798 2987 977 3069 probatur,
1017 2992 1091 3073 quia
1127 3008 1199 3072 poena

270 3089 458 3179 temporalis
482 3091 610 3170 respicit
633 3114 771 3175 corpus;
807 3097 864 3158 sed
899 3100 1080 3161 secundum
1101 3117 1195 3178 corpus

271 3190 355 3253 filius
378 3204 426 3254 est
449 3194 570 3275 aliquid
595 3200 703 3279 patris
728 3211 760 3263 et
783 3201 857 3264 ideo
871 3225 957 3266 eum
982 3207 1110 3287 punitur
1137 3204 1197 3266 filius

270 3318 370 3377 poena
394 3303 564 3381 temporali
589 3306 722 3385 punitur
743 3311 899 3388 quaedam
920 3315 1026 3394 portio
1051 3315 1138 3395 ipsius
1156 3313 1194 3392 qui

270 3406 425 3484 peccavit.
450 3408 495 3469 Et
518 3409 563 3471 sic
587 3410 774 3494 intelligitur
798 3416 877 3479 illud
913 3420 1049 3486 Exodi:
1073 3445 1126 3506 ego
1144 3443 1194 3484 sun

269 3510 359 3572 Deus
382 3514 513 3577 visitans
537 3527 671 3597 peccata
695 3530 825 3600 patrum
863 3546 966 3608 usque
991 3529 1024 3590 in
1048 3532 1156 3593 tertiam
1172 3540 1196 3591 et

266 3626 416 3691 quartam
441 3623 694 3699 generationem.

337 3715 370 3781 Τ
364 3721 458 3787 ertio
494 3722 691 3797 Conclusio
725 3742 825 3815 patet,
861 3738 938 3819 quia
973 3763 1075 3823 poena
1103 3755 1193 3809 aeterna
