2634 4267
316 228 503 290 Drsrrncr.
527 228 640 290 XVIII
665 226 811 307 QnAEsn.
837 228 866 288 II
1002 241 1065 306 297

105 435 248 496 tionem
268 434 454 506 secundam,
471 433 589 495 scilicet
611 432 788 513 intelligere
805 453 917 496 unum.
944 432 1013 494 Sed
1026 430 1088 494 hoc
1167 484 1176 497 .

104 550 158 603 est
184 540 324 613 falsum,
356 540 433 621 quia
457 541 589 620 quando
620 549 655 600 tu
681 540 803 601 dormis
838 559 900 623 ego
924 538 1069 620 intelligo
1080 559 1087 614 ;
1161 614 1166 625 .

104 648 270 709 similiter
292 648 425 728 quando
449 656 483 708 tu
501 648 643 707 affirmas
667 666 780 718 unum,
804 666 867 726 ego
884 665 969 733 nego
994 645 1087 721 illud;

107 776 205 837 ergo.

178 860 337 923 Secundo
360 860 420 921 sic:
445 859 626 921 intellectus
645 880 747 940 agens
770 867 803 920 et
826 859 985 939 possibilis
1009 867 1087 920 sunt

106 964 246 1039 aeterni,
273 976 306 1029 et
329 976 438 1042 tamen
456 976 647 1047 generatum
673 987 715 1027 ex
731 966 785 1039 eis,
810 965 928 1027 scilicet
951 966 1089 1027 intellec-

107 1075 166 1147 tio,
194 1083 232 1135 et
261 1074 422 1135 intellecta
446 1093 511 1133 non
547 1082 623 1134 sunt
646 1082 784 1147 aeterna;
821 1073 877 1133 sed
901 1072 926 1133 si
949 1081 1031 1133 esset
1056 1093 1089 1132 n-

111 1201 174 1242 nus
213 1180 410 1252 intellectus,
435 1179 517 1241 sicut
552 1180 675 1241 ille'est
710 1188 859 1252 aeternus,
884 1179 928 1240 ita
952 1178 1089 1240 intellec-

106 1288 154 1349 tio
179 1296 217 1349 et
244 1287 409 1348 intellecta
431 1295 537 1347 essent
560 1296 692 1359 aeterna,
717 1287 806 1367 quod
829 1294 918 1367 patet
941 1306 1010 1347 esse
1034 1283 1088 1346 fal-

112 1414 199 1454 sum.

188 1500 301 1563 Tertio
325 1500 378 1574 sic,
410 1508 443 1561 et
465 1508 514 1561 est
539 1500 620 1561 ratio
644 1498 834 1561 Gothsredi:
860 1500 884 1560 si
910 1499 1088 1575 intellectus

112 1607 282 1685 possibilis
307 1616 389 1667 esset
424 1599 511 1668 nnus
534 1606 565 1667 in
589 1606 752 1678 omnibus
788 1615 820 1667 et
843 1606 884 1667 de
908 1626 941 1666 se
965 1606 1086 1666 nullam

112 1710 218 1774 habet
242 1704 398 1784 formani,
425 1721 457 1773 et
481 1722 613 1793 propter
648 1712 711 1773 hoc
735 1721 783 1773 est
811 1712 968 1794 possibilis
991 1732 1087 1773 voca-

115 1826 184 1894 tus;
211 1841 297 1901 ergo
321 1828 369 1880 est
395 1819 477 1879 sicut
502 1819 635 1880 materia
660 1819 775 1899 prima.

188 1925 319 2000 Quarto
343 1926 404 1987 sic:
441 1924 623 2006 plurificato
646 1924 762 1986 effectu
798 1924 933 2014 formali,
967 1924 1087 2004 plurifi-

116 2040 210 2093 catur
236 2032 363 2105 fornia;
388 2032 444 2093 sed
468 2041 503 2092 tu
528 2041 560 2092 et
583 2053 646 2112 ego
663 2052 775 2092 snmus
800 2030 947 2093 homines
972 2052 1027 2111 per
1045 2030 1088 2092 in-

118 2137 300 2211 tellectum,
325 2147 357 2199 et
381 2147 492 2199 tamen
517 2147 551 2199 tn
576 2159 610 2200 es
633 2138 712 2199 alter
741 2138 841 2199 homo
866 2159 884 2199 a
909 2159 979 2214 me;
1008 2159 1087 2219 ergo

118 2252 150 2303 et
172 2246 259 2307 alius
285 2245 475 2324 intellectus,

184 2352 245 2413 Ad
260 2351 411 2432 primum
435 2351 602 2431 objectum
627 2352 803 2432 respondet
828 2352 1086 2425 Commentator,

118 2457 207 2534 quod
233 2458 345 2539 major
374 2467 422 2519 est
446 2479 521 2519 vera
546 2458 570 2518 si
596 2456 695 2518 habet
729 2458 839 2519 omnia
873 2460 987 2519 eadem
1012 2480 1086 2538 quae

122 2564 331 2642 requiruntur
355 2566 524 2626 adactum
548 2565 749 2639 secundum;
775 2566 830 2625 sed
855 2564 905 2626 hic
930 2585 995 2626 non
1012 2574 1087 2627 sunt

124 2670 232 2731 omnia
258 2672 373 2732 eadern
390 2687 464 2751 qnae
490 2670 697 2750 requiruntur
713 2672 755 2731 ad
779 2680 889 2732 actum
907 2672 1086 2732 secundum

121 2775 197 2853 quia
220 2786 273 2839 est
297 2777 422 2838 diversa
446 2776 617 2857 phantasia
641 2778 690 2838 vel
715 2778 915 2859 imaginatio
940 2799 1015 2859 quae
1039 2788 1088 2840 θεῖ

124 2884 315 2959 generabilis
339 2892 371 2945 et
394 2883 619 2964 corruptibilis

188 2989 319 3052 Eodern
337 2990 437 3051 modo
461 2991 508 3051 ad
520 2990 707 3062 secundnm,
736 3000 784 3052 θεῖ
800 2992 885 3053 enim
911 2992 1087 3074 intelligere

127 3097 308 3171 generabile
331 3106 363 3157 et
387 3097 604 3178 corruptibile,
630 3098 707 3178 qnia
730 3099 892 3178 dependet
915 3100 957 3160 ab
988 3100 1088 3161 inten-

125 3198 210 3263 tione
234 3203 423 3284 imaginata,
448 3224 523 3284 quae
547 3213 595 3265 est
618 3205 808 3285 generabilis
839 3214 871 3267 et
895 3208 1087 3288 corruptibi-

130 3302 172 3367 lis.

190 3416 248 3477 Ad
270 3417 402 3478 tertium
437 3418 582 3479 concedo
606 3418 696 3498 qnod
732 3418 911 3480 intellectus
935 3428 983 3481 est
1006 3420 1088 3481 sicut

131 3524 258 3584 materia
282 3523 315 3584 in
339 3544 399 3585 suo
423 3524 545 3596 ordine,
570 3524 645 3604 quia
669 3524 751 3586 sicut
776 3526 908 3586 materia
932 3547 965 3587 se
989 3525 1088 3587 habet
1149 3552 1156 3568 ·

131 3618 162 3683 in
184 3647 299 3707 genere
333 3630 467 3703 entium,
492 3631 536 3692 sic
560 3630 740 3692 intellectus
765 3632 796 3691 in
821 3652 938 3712 genere
973 3632 1088 3693 intelli-

137 3728 287 3808 gibilium.
458 3743 461 3748 '
