2634 4267
299 304 486 366 Dtsrrucr.
510 302 589 364 XIII
613 300 799 382 Quinem]
963 315 1024 382 243

110 505 187 594 rente
195 509 301 571 medio
313 507 443 570 alterius
455 507 728 589 dyaphoneitatis‚
746 528 811 569 non
824 517 934 570 tamen
946 507 1049 570 omni-

110 635 145 676 no
158 635 264 696 opac0‚
289 614 522 695 multiplicatur
535 613 567 675 in
583 614 645 676 isto
671 614 778 676 medio
791 634 855 676 non
869 615 1050 677 secundum

111 720 210 782 liueam
226 724 358 783 rectam.
384 720 508 783 Radius
531 728 641 782 autem
657 719 797 782 reflexus
820 728 877 794 est,
902 720 957 800 qui
974 740 1051 782 con„

109 837 240 890 currente
263 827 373 889 medio
397 847 502 908 opaco
526 835 702 908 antequam
737 826 927 888 terminetur
949 827 1059 888 virtus*

107 935 199 996 activa
232 933 384 996 luminosi
408 933 598 995 diffunditur
632 933 665 994 in
689 942 816 1014 partem
852 933 1049 1014 oppositam.
1106 915 1107 918 Ἴ

109 1039 169 1101 Istis
189 1041 292 1102 modis
315 1041 374 1102 lux
397 1049 505 1121 potest
521 1039 654 1122 gignere
677 1041 797 1101 lumen.
823 1039 887 1104 Sed
910 1048 988 1102 tunc
1004 1049 1053 1102 est

108 1147 230 1209 dubium
253 1148 424 1229 quomodo
447 1147 557 1208 lumen
581 1147 685 1208 estin
710 1147 827 1208 medio,

165 1255 206 1316 Et
227 1254 269 1316 ibi
293 1263 369 1316 sunt
391 1254 467 1315 duae
490 1253 661 1334 opiniones
676 1262 844 1315 extremae.
871 1253 988 1316 Scotus
1008 1253 1053 1314 di-

107 1359 145 1420 cit
164 1362 248 1441 quod
272 1361 392 1423 habeat
414 1380 483 1422 esse
506 1360 725 1434 intentionale,
750 1381 815 1422 non
839 1361 929 1440 quod
952 1361 1053 1422 inten-

109 1466 146 1527 tio
166 1468 286 1529 dicatur
302 1467 379 1548 quia
402 1467 541 1528 intendit
555 1487 697 1540 sensum,
723 1467 779 1528 sed
801 1467 877 1548 quia
900 1477 949 1529 est
971 1467 1053 1530 ratio

107 1575 246 1636 tendendi
272 1575 306 1636 in
328 1577 441 1636 actum
464 1573 558 1654 cujus
576 1581 626 1635 est
648 1573 779 1655 propria
799 1574 987 1637 similitudo,
1009 1574 1054 1637 Et

108 1681 220 1759 probat,
244 1667 334 1763 quod
359 1680 457 1743 habet
490 1701 560 1742 esse
583 1680 802 1754 intentionale‚
838 1681 914 1761 quia
938 1681 962 1742 si
987 1701 1053 1743 non

107 1797 179 1848 esset
200 1788 241 1850 ibi
257 1786 507 1851 intentionaliter
530 1796 610 1849 tunc
634 1787 778 1869 positum
803 1808 900 1867 super
922 1808 1053 1850 sensum

107 1894 279 1973 prohiberet
301 1914 444 1958 sensum.
772 1951 774 1956 .

114 2023 119 2029 ·
165 1998 251 2068 Alia
262 2003 320 2068 est
329 1998 460 2085 opimi)
484 2001 622 2063 Aureoli
637 2009 670 2063 et
683 1999 823 2063 Thomae
838 2011 873 2082 p.
899 2019 928 2065 Ι.
952 2023 982 2082 q.
999 1999 1060 2084 67.Δ

108 2127 134 2170 a.
153 2127 181 2170 2.
204 2109 293 2189 quod
309 2108 407 2171 habet
430 2129 498 2170 esse
522 2108 605 2170 reale
620 2108 653 2169 in
678 2108 797 2182 medi0,
814 2115 885 2170 tum
909 2109 986 2188 quia
1002 2107 1061 2170 ha·“

109 2211 155 2277 bet
175 2215 323 2278 effectum
348 2215 475 2289 realem,
489 2224 561 2277 tum
585 2215 662 2296 quia
685 2215 875 2276 denominat
899 2215 1053 2290 medium,

108 2327 169 2382 tum
190 2322 265 2403 quia
288 2321 422 2403 expellit
445 2322 644 2403 oppositum,
670 2321 790 2384 scilicet
814 2321 971 2383 tenebras,

166 2427 227 2491 Sed
250 2429 320 2490 istae
355 2428 523 2509 opiniones
546 2428 629 2491 forte
664 2449 730 2492 non
763 2438 839 2490 sunt
874 2428 1053 2502 contrariae,

110 2551 176 2594 nam
207 2535 342 2598 intentio
365 2535 520 2616 accipitur
555 2534 743 2616 dupliciter:
769 2556 835 2597 uno
871 2535 970 2596 modo
995 2555 1056 2615 pro

108 2635 272 2703 intentione
288 2641 404 2723 logica,
424 2641 487 2702 alio
505 2643 605 2704 modo
629 2663 689 2723 pro
705 2653 775 2704 ente
790 2642 961 2714 diminuta,
979 2641 1056 2722 quia

110 2763 166 2807 non
193 2756 241 2808 est
263 2747 307 2810 ita
342 2747 521 2828 perfectum
544 2748 627 2810 sicut
663 2769 759 2812 suum
792 2747 1055 2811 fundamentum.

110 2848 148 2911 Et
168 2851 219 2915 illo
242 2853 342 2916 modo
367 2853 475 2915 lumen
492 2854 591 2916 habet
614 2875 683 2917 esse
706 2855 915 2917 intentionale
938 2855 971 2916 in
989 2876 1056 2917 me-

109 2956 164 3033 dio,
197 2959 362 3041 quiaejus
386 2981 544 3023 essenon
567 2970 617 3023 est
650 2962 695 3022 ita
719 2961 899 3043 perfectum
925 2963 957 3023 in
993 2983 1057 3024 me-

109 3063 157 3125 dio
177 3067 255 3130 sicut
289 3076 372 3129 esset
396 3067 428 3129 in
452 3088 511 3129 suo
546 3067 644 3130 fonte.
682 3069 726 3130 Et
749 3077 828 3132 tunc
863 3078 1057 3150 argumenta

109 3167 235 3234 Thomae
266 3194 336 3235 non.
356 3175 565 3248 concludunt,
601 3175 782 3256 quiaillud
817 3196 886 3238 esse
910 3175 1057 3237 intentio-

110 3278 173 3339 nale
195 3289 299 3360 potest
322 3279 441 3342 habere
464 3280 614 3343 effectum
651 3282 768 3344 realem
792 3292 824 3344 et
847 3283 1058 3346 denominare

111 3385 242 3448 medium
258 3396 290 3449 et
313 3387 475 3468 expellere
491 3388 699 3450 contra-rium.
725 3388 790 3452 Sed
806 3388 847 3451 de
870 3389 933 3451 hoc
949 3389 1057 3451 dicam

109 3487 242 3555 diffusius
262 3493 338 3556 alibi
361 3493 386 3556 si
410 3493 579 3576 contingat
603 3516 655 3557 me
679 3495 816 3558 scribere
840 3496 875 3558 in
906 3515 936 3557 2.
962 3496 1000 3557 de
1024 3517 1057 3557 af

108 3613 199 3660 mma.
