2634 4267
300 270 488 336 nrsrrncr.
514 270 625 332 xvrn
651 270 798 351 Qunsr.
822 272 836 334 1
921 235 924 240 ’
993 290 1055 351 291

114 475 259 538 cessario
282 476 506 557 praesupponit
530 475 592 549 illa,
617 485 727 557 posset
749 478 835 539 enim
867 477 1010 540 animam
1033 478 1082 541 in-

117 583 315 645 tellectivam
341 584 519 664 producere
542 583 609 644 sine
632 604 777 663 corpore,
803 584 884 647 sicut
907 584 1005 665 aliqui
1022 606 1082 666 po-

117 699 202 752 nunt
239 691 280 751 de
302 691 412 751 anima
446 688 539 762 Adae,
574 699 606 751 et
630 689 767 771 gratiam
803 690 998 771 inquantum
1033 700 1083 755 est

114 796 276 879 quaedam
299 796 437 877 qualitas
471 796 538 857 sine
560 796 679 858 anima.
716 796 833 879 Agens
855 805 966 859 autem
998 819 1083 860 crea·

114 912 190 965 tum
216 902 395 965 necessario
419 903 644 984 praesupponit
668 902 861 984 subjectum.

103 1061 110 1071 .
185 1010 246 1072 Ad
268 1010 379 1072 omnia
402 1009 464 1071 alia
487 1010 559 1071 dico
583 1010 674 1090 quod
698 1018 813 1071 natura
835 1010 992 1092 accipitur
1015 1032 1083 1074 uno

116 1118 222 1179 modo
246 1126 282 1179 ut
305 1116 513 1205 distinguitur
537 1126 650 1178 contra
672 1117 871 1197 propositum
895 1126 927 1179 et
950 1129 1054 1180 artem
1064 1142 1081 1193 ‚·

115 1224 182 1286 alio
207 1223 369 1301 modout
392 1223 602 1304 distinguitur
625 1232 738 1284 contra
762 1223 948 1287 violentum.
967 1224 1012 1285 Et
1035 1225 1081 1289 sic

115 1352 160 1392 ex
186 1339 278 1411 parte
302 1330 386 1411 passi
410 1330 567 1421 accipitur
591 1330 779 1391 naturalitas
795 1330 827 1391 in
852 1331 1030 1411 proposit0,
1047 1341 1081 1396 et

114 1437 238 1499 dicitur
261 1436 427 1518 generatio
450 1436 604 1498 naturalis
634 1457 677 1497 ex
702 1437 839 1499 naturali
875 1437 1082 1501 inclinatione

115 1543 269 1625 principii
293 1543 410 1624 passivi
434 1544 476 1605 ad
499 1542 650 1605 sormam.

195 1755 420 1842 Quantum
455 1757 519 1822 act
546 1757 724 1821 tertium
760 1756 1011 1822 Articulum
1035 1767 1085 1822 est

117 1865 240 1945 triplex
265 1864 383 1924 modus
407 1863 542 1925 dicendi.
574 1864 641 1926 Uno
665 1864 756 1925 inodo
779 1865 869 1945 quod
893 1885 1003 1927 semen
1027 1886 1084 1945 po-

118 1971 206 2033 nitur
239 1978 275 2031 ut
299 1970 496 2050 principium
532 1970 748 2051 generationis
782 1970 982 2033 substantiae.
1006 1972 1084 2035 Alio

118 2077 229 2150 moda·
256 2086 292 2138 ut
315 2076 356 2137 sit
379 2076 573 2157 principium
608 2076 813 2139 alterationis.
846 2078 949 2139 Tertio
977 2078 1078 2152 modo,

118 2193 156 2246 ut
179 2184 221 2246 sit
244 2183 297 2244 via
320 2184 362 2244 ad
386 2182 464 2244 illud
488 2184 586 2263 quod·
601 2192 649 2244 est
673 2204 729 2264 per
752 2204 785 2245 se
809 2183 970 2245 intentum
987 2206 1007 2246 a
1027 2206 1083 2248 na-

118 2302 202 2353 tura.
229 2290 275 2352 Et
298 2290 396 2351 istum
420 2290 572 2351 ultimum
598 2290 734 2351 modum
759 2299 864 2352 tenen.
1121 2366 1126 2377 ι

186 2397 325 2459 Primus
348 2396 434 2458 enim
459 2416 523 2457 non
549 2389 655 2476 potest
679 2406 771 2469 stare,
803 2397 879 2477 quia
903 2399 993 2479 quod
1017 2420 1083 2461 non

115 2514 176 2577 est,
203 2524 270 2566 non
296 2512 403 2584 potest
425 2523 493 2565 esse
525 2503 720 2583 principium
752 2504 982 2585 productivum
1007 2506 1084 2567 sub-

116 2611 268 2689 stantiae3
293 2610 349 2672 sed
373 2610 405 2671 in
430 2610 560 2671 instanti
585 2610 800 2691 generationis
823 2610 1013 2673 substantiae
1037 2632 1083 2675 se-

118 2739 196 2780 men
221 2737 288 2778 non
312 2726 377 2791 est;
402 2737 490 2798 ergo
515 2753 558 2761 —
583 2715 728 2797 Quodsi
752 2716 889 2794 diceres;
914 2719 1022 2799 rnayor
1036 2727 1085 2782 est

116 2846 197 2887 vera
221 2824 254 2885 in
278 2807 397 2885 virtute
431 2823 571 2904 propria,
608 2823 664 2884 sed
687 2844 798 2885 semen
834 2832 941 2904 potest
964 2824 996 2886 in
1021 2826 1085 2887 vir-

116 2941 190 2995 tute
216 2930 408 3012 generantis
432 2951 532 3011 quam
556 2930 709 2992 virtutem
741 2931 897 2992 Averrois
921 2940 1017 2993 vocat
1040 2932 1086 2994 di·
1106 2984 1107 2988 ,

117 3040 233 3100 vinam
258 3038 292 3099 in
308 3057 339 3099 2.
363 3058 419 3098 suo
440 3035 587 3118 Colliget.
611 3073 655 3084 —
677 3035 805 3111 Contra,
823 3038 855 3098 in
879 3038 997 3099 virtute
1018 3060 1084 3101 non

117 3144 249 3227 agentis
273 3144 350 3205 nihil
374 3144 459 3225 agit;
484 3146 540 3206 sed
572 3145 693 3205 semine
717 3145 824 3206 deciso
856 3154 963 3225 potest
987 3167 1083 3227 gene·

120 3272 196 3313 rans
220 3272 286 3313 non
310 3271 395 3324 esse;
431 3272 510 3332 ergo
535 3271 599 3312 non
623 3251 692 3332 agit
715 3251 747 3312 in
783 3251 902 3313 virtute
926 3271 1085 3333 generan-

120 3358 171 3420 tis.
196 3358 360 3420 Froeterea
377 3357 502 3419 nullum
528 3357 753 3437 imperfectum
771 3366 878 3438 potest
901 3378 969 3419 esse
986 3379 1086 3422 causa

125 3485 179 3546 per
203 3485 236 3527 se
259 3464 419 3526 sufficiens
443 3462 655 3545 perfectioris;
681 3465 737 3526 sed
760 3485 869 3526 semen
894 3485 970 3525 cum
994 3465 1085 3528 omni

122 3573 278 3654 qualitate
301 3580 334 3632 et
357 3571 520 3652 spiritibus
543 3580 591 3632 est
614 3570 834 3652 imperfectius
859 3570 978 3652 genito

188 3678 356 3743 Similiter
373 3666 530 3740 secundus
555 3678 666 3739 modus
683 3699 748 3739 non
772 3678 869 3751 valet,
893 3676 1086 3757 accipiendo
