<?xml version="1.0" encoding="UTF-8"?>
<!DOCTYPE html PUBLIC "-//W3C//DTD XHTML 1.0 Transitional//EN"
    "http://www.w3.org/TR/xhtml1/DTD/xhtml1-transitional.dtd">
<html xmlns="http://www.w3.org/1999/xhtml" xml:lang="en" lang="en">
 <head>
  <title>
</title>
<meta http-equiv="Content-Type" content="text/html;charset=utf-8" />
  <meta name='ocr-system' content='tesseract 3.04.00' />
  <meta name='ocr-capabilities' content='ocr_page ocr_carea ocr_par ocr_line ocrx_word'/>
</head>
<body>
  <div class='ocr_page' id='page_1' title='image "./commentariainli00scotgoog_0346.png"; bbox 0 0 2634 4267; ppageno 0'>
   <div class='ocr_carea' id='block_1_1' title="bbox 1057 8 1273 108">
    <p class='ocr_par' dir='ltr' id='par_1_1' title="bbox 1057 8 1273 108">
     <span class='ocr_line' id='line_1_1' title="bbox 1057 8 1273 108; baseline -0.014 3"><span class='ocrx_word' id='word_1_1' title='bbox 1057 8 1179 20; x_wconf 71' lang='grc' dir='ltr'>’Ὗ</span> <span class='ocrx_word' id='word_1_2' title='bbox 1250 8 1273 108; x_wconf 81' lang='lat' dir='ltr'>l</span> 
     </span>
    </p>
   </div>
   <div class='ocr_carea' id='block_1_2' title="bbox 269 268 988 343">
    <p class='ocr_par' dir='ltr' id='par_1_2' title="bbox 269 268 988 343">
     <span class='ocr_line' id='line_1_2' title="bbox 269 268 988 343; baseline 0.003 -10"><span class='ocrx_word' id='word_1_3' title='bbox 269 280 334 343; x_wconf 84' lang='lat'>334</span> <span class='ocrx_word' id='word_1_4' title='bbox 538 268 611 329; x_wconf 84' lang='lat' dir='ltr'>Lrn.</span> <span class='ocrx_word' id='word_1_5' title='bbox 636 268 667 330; x_wconf 91' lang='lat' dir='ltr'>II</span> <span class='ocrx_word' id='word_1_6' title='bbox 692 268 988 335; x_wconf 74' lang='lat' dir='ltr'>Snnrnurrnnuu</span> 
     </span>
    </p>
   </div>
   <div class='ocr_carea' id='block_1_3' title="bbox 234 468 1197 3731">
    <p class='ocr_par' dir='ltr' id='par_1_3' title="bbox 240 468 1194 662">
     <span class='ocr_line' id='line_1_3' title="bbox 314 468 1194 555; baseline 0.001 -19"><span class='ocrx_word' id='word_1_7' title='bbox 314 468 537 555; x_wconf 73' lang='lat' dir='ltr'>Quanmm</span> <span class='ocrx_word' id='word_1_8' title='bbox 573 474 637 538; x_wconf 82' lang='lat' dir='ltr'>ad</span> <span class='ocrx_word' id='word_1_9' title='bbox 668 474 848 541; x_wconf 76' lang='lat' dir='ltr'>tertium</span> <span class='ocrx_word' id='word_1_10' title='bbox 874 475 1123 542; x_wconf 76' lang='lat' dir='ltr'><em>Articulum</em></span> <span class='ocrx_word' id='word_1_11' title='bbox 1151 497 1194 538; x_wconf 82' lang='lat' dir='ltr'>re-</span> 
     </span>
     <span class='ocr_line' id='line_1_4' title="bbox 240 578 933 662; baseline 0.007 -24"><span class='ocrx_word' id='word_1_12' title='bbox 240 578 390 657; x_wconf 84' lang='lat' dir='ltr'>spondeo</span> <span class='ocrx_word' id='word_1_13' title='bbox 412 578 456 639; x_wconf 90' lang='lat' dir='ltr'>ad</span> <span class='ocrx_word' id='word_1_14' title='bbox 480 578 604 641; x_wconf 91' lang='lat' dir='ltr'>motiva</span> <span class='ocrx_word' id='word_1_15' title='bbox 628 581 743 661; x_wconf 85' lang='lat' dir='ltr'>primae</span> <span class='ocrx_word' id='word_1_16' title='bbox 760 580 933 662; x_wconf 76' lang='lat' dir='ltr'>opinionis,</span> 
     </span>
    </p>

    <p class='ocr_par' dir='ltr' id='par_1_4' title="bbox 235 684 1197 2132">
     <span class='ocr_line' id='line_1_5' title="bbox 307 684 1195 768; baseline 0.008 -24"><span class='ocrx_word' id='word_1_17' title='bbox 307 684 366 745; x_wconf 77' lang='lat' dir='ltr'>Ad</span> <span class='ocrx_word' id='word_1_18' title='bbox 378 684 528 765; x_wconf 80' lang='lat' dir='ltr'>primum</span> <span class='ocrx_word' id='word_1_19' title='bbox 551 685 624 747; x_wconf 71' lang='lat' dir='ltr'>dico</span> <span class='ocrx_word' id='word_1_20' title='bbox 647 687 736 768; x_wconf 91' lang='lat' dir='ltr'>qood</span> <span class='ocrx_word' id='word_1_21' title='bbox 759 686 837 749; x_wconf 95' lang='lat' dir='ltr'>illud</span> <span class='ocrx_word' id='word_1_22' title='bbox 864 688 975 751; x_wconf 80' lang='lat' dir='ltr'>simile</span> <span class='ocrx_word' id='word_1_23' title='bbox 1002 690 1195 751; x_wconf 88' lang='lat' dir='ltr'><strong>concluderet</strong></span> 
     </span>
     <span class='ocr_line' id='line_1_6' title="bbox 242 790 1194 863; baseline 0.014 -13"><span class='ocrx_word' id='word_1_24' title='bbox 242 790 344 852; x_wconf 91' lang='lat' dir='ltr'>multa</span> <span class='ocrx_word' id='word_1_25' title='bbox 367 790 445 853; x_wconf 84' lang='lat' dir='ltr'>falsa</span> <span class='ocrx_word' id='word_1_26' title='bbox 480 791 506 853; x_wconf 89' lang='lat' dir='ltr'>si</span> <span class='ocrx_word' id='word_1_27' title='bbox 541 792 719 855; x_wconf 85' lang='lat' dir='ltr'>similitudo</span> <span class='ocrx_word' id='word_1_28' title='bbox 754 803 837 855; x_wconf 90' lang='lat' dir='ltr'>esset</span> <span class='ocrx_word' id='word_1_29' title='bbox 872 795 1092 857; x_wconf 88' lang='lat' dir='ltr'>universaliter</span> <span class='ocrx_word' id='word_1_30' title='bbox 1117 804 1194 863; x_wconf 77' lang='lat' dir='ltr'>vera,</span> 
     </span>
     <span class='ocr_line' id='line_1_7' title="bbox 237 896 1196 979; baseline 0.005 -23"><span class='ocrx_word' id='word_1_31' title='bbox 237 896 317 977; x_wconf 86' lang='lat' dir='ltr'>quia</span> <span class='ocrx_word' id='word_1_32' title='bbox 339 898 548 960; x_wconf 84' lang='lat' dir='ltr'>concluderet</span> <span class='ocrx_word' id='word_1_33' title='bbox 571 899 661 979; x_wconf 92' lang='lat' dir='ltr'>quod</span> <span class='ocrx_word' id='word_1_34' title='bbox 685 899 768 961; x_wconf 91' lang='lat' dir='ltr'>sicut</span> <span class='ocrx_word' id='word_1_35' title='bbox 802 901 983 962; x_wconf 89' lang='lat' dir='ltr'>necessario</span> <span class='ocrx_word' id='word_1_36' title='bbox 1015 902 1196 965; x_wconf 83' lang='lat' dir='ltr'>assentimus</span> 
     </span>
     <span class='ocr_line' id='line_1_8' title="bbox 238 1004 1197 1087; baseline 0.009 -24"><span class='ocrx_word' id='word_1_37' title='bbox 238 1004 501 1066; x_wconf 84' lang='lat' dir='ltr'>conclusionibus</span> <span class='ocrx_word' id='word_1_38' title='bbox 525 1014 658 1086; x_wconf 87' lang='lat' dir='ltr'>propter</span> <span class='ocrx_word' id='word_1_39' title='bbox 682 1005 848 1087; x_wconf 88' lang='lat' dir='ltr'>principia,</span> <span class='ocrx_word' id='word_1_40' title='bbox 877 1006 922 1069; x_wconf 89' lang='lat' dir='ltr'>sic</span> <span class='ocrx_word' id='word_1_41' title='bbox 959 1008 1134 1070; x_wconf 88' lang='lat' dir='ltr'>necessario</span> <span class='ocrx_word' id='word_1_42' title='bbox 1155 1028 1197 1072; x_wconf 84' lang='lat' dir='ltr'>as·</span> 
     </span>
     <span class='ocr_line' id='line_1_9' title="bbox 237 1110 1195 1195; baseline 0.005 -26"><span class='ocrx_word' id='word_1_43' title='bbox 237 1110 432 1171; x_wconf 83' lang='lat' dir='ltr'>sentiremus</span> <span class='ocrx_word' id='word_1_44' title='bbox 455 1110 514 1173; x_wconf 88' lang='lat' dir='ltr'>illis</span> <span class='ocrx_word' id='word_1_45' title='bbox 537 1132 612 1192; x_wconf 86' lang='lat' dir='ltr'>quae</span> <span class='ocrx_word' id='word_1_46' title='bbox 637 1120 714 1173; x_wconf 92' lang='lat' dir='ltr'>sunt</span> <span class='ocrx_word' id='word_1_47' title='bbox 737 1113 779 1174; x_wconf 89' lang='lat' dir='ltr'>ad</span> <span class='ocrx_word' id='word_1_48' title='bbox 802 1111 912 1187; x_wconf 89' lang='lat' dir='ltr'>finem,</span> <span class='ocrx_word' id='word_1_49' title='bbox 938 1125 1071 1195; x_wconf 93' lang='lat' dir='ltr'>propter</span> <span class='ocrx_word' id='word_1_50' title='bbox 1093 1113 1195 1185; x_wconf 85' lang='lat' dir='ltr'>finem,</span> 
     </span>
     <span class='ocr_line' id='line_1_10' title="bbox 236 1216 1194 1302; baseline 0.003 -24"><span class='ocrx_word' id='word_1_51' title='bbox 236 1217 329 1297; x_wconf 89' lang='lat' dir='ltr'>quod</span> <span class='ocrx_word' id='word_1_52' title='bbox 352 1226 401 1279; x_wconf 89' lang='lat' dir='ltr'>est</span> <span class='ocrx_word' id='word_1_53' title='bbox 424 1216 550 1279; x_wconf 85' lang='lat' dir='ltr'>falsum.</span> <span class='ocrx_word' id='word_1_54' title='bbox 576 1218 674 1281; x_wconf 90' lang='lat' dir='ltr'>Unde</span> <span class='ocrx_word' id='word_1_55' title='bbox 698 1219 875 1282; x_wconf 86' lang='lat' dir='ltr'>similitudo</span> <span class='ocrx_word' id='word_1_56' title='bbox 910 1228 960 1282; x_wconf 91' lang='lat' dir='ltr'>est</span> <span class='ocrx_word' id='word_1_57' title='bbox 995 1222 1102 1302; x_wconf 90' lang='lat' dir='ltr'>quoad</span> <span class='ocrx_word' id='word_1_58' title='bbox 1125 1222 1194 1293; x_wconf 87' lang='lat' dir='ltr'>duo,</span> 
     </span>
     <span class='ocr_line' id='line_1_11' title="bbox 239 1322 1196 1407; baseline 0.002 -22"><span class='ocrx_word' id='word_1_59' title='bbox 239 1322 359 1385; x_wconf 86' lang='lat' dir='ltr'>scilicet</span> <span class='ocrx_word' id='word_1_60' title='bbox 395 1324 506 1405; x_wconf 89' lang='lat' dir='ltr'>quoad</span> <span class='ocrx_word' id='word_1_61' title='bbox 539 1324 688 1385; x_wconf 87' lang='lat' dir='ltr'>ordinem</span> <span class='ocrx_word' id='word_1_62' title='bbox 724 1325 870 1399; x_wconf 90' lang='lat' dir='ltr'>istorum,</span> <span class='ocrx_word' id='word_1_63' title='bbox 907 1326 985 1407; x_wconf 87' lang='lat' dir='ltr'>quia</span> <span class='ocrx_word' id='word_1_64' title='bbox 1020 1328 1100 1389; x_wconf 91' lang='lat' dir='ltr'>sicut</span> <span class='ocrx_word' id='word_1_65' title='bbox 1122 1326 1196 1388; x_wconf 92' lang='lat' dir='ltr'>ordo</span> 
     </span>
     <span class='ocr_line' id='line_1_12' title="bbox 237 1430 1196 1505; baseline 0.002 -14"><span class='ocrx_word' id='word_1_66' title='bbox 237 1438 289 1491; x_wconf 89' lang='lat' dir='ltr'>est</span> <span class='ocrx_word' id='word_1_67' title='bbox 311 1430 393 1492; x_wconf 92' lang='lat' dir='ltr'>inter</span> <span class='ocrx_word' id='word_1_68' title='bbox 416 1431 468 1492; x_wconf 89' lang='lat' dir='ltr'>illa</span> <span class='ocrx_word' id='word_1_69' title='bbox 491 1452 567 1493; x_wconf 84' lang='lat' dir='ltr'>vera</span> <span class='ocrx_word' id='word_1_70' title='bbox 590 1430 673 1493; x_wconf 86' lang='lat' dir='ltr'>inter</span> <span class='ocrx_word' id='word_1_71' title='bbox 696 1452 740 1505; x_wconf 89' lang='lat' dir='ltr'>se,</span> <span class='ocrx_word' id='word_1_72' title='bbox 765 1432 809 1493; x_wconf 88' lang='lat' dir='ltr'>sic</span> <span class='ocrx_word' id='word_1_73' title='bbox 833 1432 915 1494; x_wconf 91' lang='lat' dir='ltr'>inter</span> <span class='ocrx_word' id='word_1_74' title='bbox 940 1433 1037 1497; x_wconf 88' lang='lat' dir='ltr'>bona.</span> <span class='ocrx_word' id='word_1_75' title='bbox 1055 1434 1099 1495; x_wconf 91' lang='lat' dir='ltr'>Et</span> <span class='ocrx_word' id='word_1_76' title='bbox 1120 1433 1196 1495; x_wconf 87' lang='lat' dir='ltr'>sicut</span> 
     </span>
     <span class='ocr_line' id='line_1_13' title="bbox 240 1536 1195 1623; baseline 0.002 -26"><span class='ocrx_word' id='word_1_77' title='bbox 240 1536 292 1598; x_wconf 92' lang='lat' dir='ltr'>illa</span> <span class='ocrx_word' id='word_1_78' title='bbox 316 1556 392 1598; x_wconf 89' lang='lat' dir='ltr'>vera</span> <span class='ocrx_word' id='word_1_79' title='bbox 415 1546 491 1599; x_wconf 91' lang='lat' dir='ltr'>sunt</span> <span class='ocrx_word' id='word_1_80' title='bbox 514 1537 662 1600; x_wconf 87' lang='lat' dir='ltr'>ordinate</span> <span class='ocrx_word' id='word_1_81' title='bbox 698 1538 839 1623; x_wconf 84' lang='lat' dir='ltr'>cognita,</span> <span class='ocrx_word' id='word_1_82' title='bbox 876 1539 920 1600; x_wconf 84' lang='lat' dir='ltr'>ita</span> <span class='ocrx_word' id='word_1_83' title='bbox 936 1548 987 1600; x_wconf 83' lang='lat' dir='ltr'>.et</span> <span class='ocrx_word' id='word_1_84' title='bbox 1023 1540 1082 1602; x_wconf 90' lang='lat' dir='ltr'>ista</span> <span class='ocrx_word' id='word_1_85' title='bbox 1115 1540 1195 1602; x_wconf 90' lang='lat' dir='ltr'>bona</span> 
     </span>
     <span class='ocr_line' id='line_1_14' title="bbox 235 1643 1194 1727; baseline 0.001 -23"><span class='ocrx_word' id='word_1_86' title='bbox 235 1652 315 1704; x_wconf 90' lang='lat' dir='ltr'>sunt</span> <span class='ocrx_word' id='word_1_87' title='bbox 338 1643 485 1705; x_wconf 89' lang='lat' dir='ltr'>ordinate</span> <span class='ocrx_word' id='word_1_88' title='bbox 508 1644 616 1706; x_wconf 87' lang='lat' dir='ltr'>volita.</span> <span class='ocrx_word' id='word_1_89' title='bbox 641 1643 708 1707; x_wconf 87' lang='lat' dir='ltr'>Sed</span> <span class='ocrx_word' id='word_1_90' title='bbox 732 1665 798 1707; x_wconf 91' lang='lat' dir='ltr'>non</span> <span class='ocrx_word' id='word_1_91' title='bbox 833 1654 882 1706; x_wconf 93' lang='lat' dir='ltr'>est</span> <span class='ocrx_word' id='word_1_92' title='bbox 914 1646 1021 1713; x_wconf 85' lang='lat' dir='ltr'>simile</span> <span class='ocrx_word' id='word_1_93' title='bbox 1043 1656 1194 1727; x_wconf 90' lang='lat' dir='ltr'>quantum</span> 
     </span>
     <span class='ocr_line' id='line_1_15' title="bbox 238 1750 1195 1834; baseline 0.003 -24"><span class='ocrx_word' id='word_1_94' title='bbox 238 1750 280 1811; x_wconf 87' lang='lat' dir='ltr'>ad</span> <span class='ocrx_word' id='word_1_95' title='bbox 304 1750 452 1811; x_wconf 87' lang='lat' dir='ltr'>ordinem</span> <span class='ocrx_word' id='word_1_96' title='bbox 477 1750 673 1813; x_wconf 82' lang='lat' dir='ltr'>necessitatis</span> <span class='ocrx_word' id='word_1_97' title='bbox 696 1752 729 1811; x_wconf 94' lang='lat' dir='ltr'>in</span> <span class='ocrx_word' id='word_1_98' title='bbox 754 1771 820 1813; x_wconf 88' lang='lat' dir='ltr'>uno</span> <span class='ocrx_word' id='word_1_99' title='bbox 844 1761 876 1813; x_wconf 92' lang='lat' dir='ltr'>et</span> <span class='ocrx_word' id='word_1_100' title='bbox 901 1751 934 1812; x_wconf 90' lang='lat' dir='ltr'>in</span> <span class='ocrx_word' id='word_1_101' title='bbox 958 1752 1124 1834; x_wconf 71' lang='lat' dir='ltr'>alioquin</span> <span class='ocrx_word' id='word_1_102' title='bbox 1146 1770 1195 1813; x_wconf 87' lang='lat' dir='ltr'>ne·</span> 
     </span>
     <span class='ocr_line' id='line_1_16' title="bbox 237 1856 1192 1939; baseline 0.002 -22"><span class='ocrx_word' id='word_1_103' title='bbox 237 1856 368 1918; x_wconf 83' lang='lat' dir='ltr'>cessitas</span> <span class='ocrx_word' id='word_1_104' title='bbox 391 1866 439 1918; x_wconf 90' lang='lat' dir='ltr'>est</span> <span class='ocrx_word' id='word_1_105' title='bbox 462 1856 495 1917; x_wconf 91' lang='lat' dir='ltr'>in</span> <span class='ocrx_word' id='word_1_106' title='bbox 519 1857 682 1919; x_wconf 90' lang='lat' dir='ltr'>intellectu</span> <span class='ocrx_word' id='word_1_107' title='bbox 707 1866 840 1939; x_wconf 89' lang='lat' dir='ltr'>propter</span> <span class='ocrx_word' id='word_1_108' title='bbox 853 1858 1052 1920; x_wconf 88' lang='lat' dir='ltr'>evidentiam</span> <span class='ocrx_word' id='word_1_109' title='bbox 1073 1857 1192 1939; x_wconf 86' lang='lat' dir='ltr'>objecti,</span> 
     </span>
     <span class='ocr_line' id='line_1_17' title="bbox 240 1962 1193 2044; baseline 0.002 -21"><span class='ocrx_word' id='word_1_110' title='bbox 240 1983 305 2024; x_wconf 92' lang='lat' dir='ltr'>non</span> <span class='ocrx_word' id='word_1_111' title='bbox 329 1971 439 2024; x_wconf 88' lang='lat' dir='ltr'>autem</span> <span class='ocrx_word' id='word_1_112' title='bbox 463 1962 591 2025; x_wconf 87' lang='lat' dir='ltr'>bonitas</span> <span class='ocrx_word' id='word_1_113' title='bbox 615 1963 735 2044; x_wconf 86' lang='lat' dir='ltr'>objecti</span> <span class='ocrx_word' id='word_1_114' title='bbox 759 1964 937 2025; x_wconf 90' lang='lat' dir='ltr'>necessario</span> <span class='ocrx_word' id='word_1_115' title='bbox 961 1974 1073 2026; x_wconf 90' lang='lat' dir='ltr'>causat</span> <span class='ocrx_word' id='word_1_116' title='bbox 1094 1984 1193 2027; x_wconf 90' lang='lat' dir='ltr'>assen-</span> 
     </span>
     <span class='ocr_line' id='line_1_18' title="bbox 237 2070 569 2132; baseline 0 -1"><span class='ocrx_word' id='word_1_117' title='bbox 237 2090 312 2131; x_wconf 89' lang='lat' dir='ltr'>sum</span> <span class='ocrx_word' id='word_1_118' title='bbox 336 2070 368 2130; x_wconf 94' lang='lat' dir='ltr'>in</span> <span class='ocrx_word' id='word_1_119' title='bbox 392 2070 569 2132; x_wconf 88' lang='lat' dir='ltr'>voluntate.</span> 
     </span>
    </p>

    <p class='ocr_par' dir='ltr' id='par_1_5' title="bbox 234 2176 1194 3322">
     <span class='ocr_line' id='line_1_19' title="bbox 305 2176 1192 2259; baseline -0.001 -23"><span class='ocrx_word' id='word_1_120' title='bbox 305 2176 362 2237; x_wconf 78' lang='lat' dir='ltr'>Ad</span> <span class='ocrx_word' id='word_1_121' title='bbox 393 2177 569 2238; x_wconf 83' lang='lat' dir='ltr'>secundum</span> <span class='ocrx_word' id='word_1_122' title='bbox 604 2176 731 2238; x_wconf 89' lang='lat' dir='ltr'>videtur</span> <span class='ocrx_word' id='word_1_123' title='bbox 766 2176 873 2257; x_wconf 91' lang='lat' dir='ltr'>primo</span> <span class='ocrx_word' id='word_1_124' title='bbox 907 2178 998 2258; x_wconf 91' lang='lat' dir='ltr'>quod</span> <span class='ocrx_word' id='word_1_125' title='bbox 1034 2178 1138 2259; x_wconf 84' lang='lat' dir='ltr'>major</span> <span class='ocrx_word' id='word_1_126' title='bbox 1158 2176 1192 2237; x_wconf 90' lang='lat' dir='ltr'>sit</span> 
     </span>
     <span class='ocr_line' id='line_1_20' title="bbox 237 2282 1192 2365; baseline -0.001 -22"><span class='ocrx_word' id='word_1_127' title='bbox 237 2282 334 2359; x_wconf 84' lang='lat' dir='ltr'>salsa;</span> <span class='ocrx_word' id='word_1_128' title='bbox 359 2282 503 2344; x_wconf 89' lang='lat' dir='ltr'>similiter</span> <span class='ocrx_word' id='word_1_129' title='bbox 527 2283 636 2345; x_wconf 82' lang='lat' dir='ltr'>minor</span> <span class='ocrx_word' id='word_1_130' title='bbox 656 2292 706 2345; x_wconf 90' lang='lat' dir='ltr'>est</span> <span class='ocrx_word' id='word_1_131' title='bbox 728 2283 838 2357; x_wconf 89' lang='lat' dir='ltr'>dubia,</span> <span class='ocrx_word' id='word_1_132' title='bbox 863 2284 939 2364; x_wconf 86' lang='lat' dir='ltr'>quia</span> <span class='ocrx_word' id='word_1_133' title='bbox 956 2284 1192 2365; x_wconf 85' lang='lat' dir='ltr'>participatione</span> 
     </span>
     <span class='ocr_line' id='line_1_21' title="bbox 238 2386 1192 2470; baseline -0.001 -20"><span class='ocrx_word' id='word_1_134' title='bbox 238 2389 372 2469; x_wconf 89' lang='lat' dir='ltr'>alicujus</span> <span class='ocrx_word' id='word_1_135' title='bbox 410 2390 613 2450; x_wconf 89' lang='lat' dir='ltr'>voluntatem</span> <span class='ocrx_word' id='word_1_136' title='bbox 652 2389 761 2470; x_wconf 88' lang='lat' dir='ltr'>aliqua</span> <span class='ocrx_word' id='word_1_137' title='bbox 795 2389 885 2463; x_wconf 89' lang='lat' dir='ltr'>velle,</span> <span class='ocrx_word' id='word_1_138' title='bbox 922 2398 1032 2470; x_wconf 90' lang='lat' dir='ltr'>potest</span> <span class='ocrx_word' id='word_1_139' title='bbox 1071 2386 1192 2470; x_wconf 79' lang='lat' dir='ltr'>intelligi</span> 
     </span>
     <span class='ocr_line' id='line_1_22' title="bbox 235 2495 1192 2577; baseline -0.002 -20"><span class='ocrx_word' id='word_1_140' title='bbox 235 2495 425 2576; x_wconf 89' lang='lat' dir='ltr'>dupliciter;</span> <span class='ocrx_word' id='word_1_141' title='bbox 454 2496 504 2557; x_wconf 89' lang='lat' dir='ltr'>vel</span> <span class='ocrx_word' id='word_1_142' title='bbox 539 2496 658 2558; x_wconf 89' lang='lat' dir='ltr'>virtute</span> <span class='ocrx_word' id='word_1_143' title='bbox 693 2496 762 2577; x_wconf 88' lang='lat' dir='ltr'>ejus</span> <span class='ocrx_word' id='word_1_144' title='bbox 798 2505 834 2557; x_wconf 89' lang='lat' dir='ltr'>ut</span> <span class='ocrx_word' id='word_1_145' title='bbox 867 2497 1044 2571; x_wconf 90' lang='lat' dir='ltr'>efficientis,</span> <span class='ocrx_word' id='word_1_146' title='bbox 1069 2507 1102 2561; x_wconf 91' lang='lat' dir='ltr'>et</span> <span class='ocrx_word' id='word_1_147' title='bbox 1123 2506 1192 2559; x_wconf 87' lang='lat' dir='ltr'>tunc</span> 
     </span>
     <span class='ocr_line' id='line_1_23' title="bbox 238 2600 1192 2685; baseline 0 -22"><span class='ocrx_word' id='word_1_148' title='bbox 238 2623 303 2663; x_wconf 94' lang='lat' dir='ltr'>non</span> <span class='ocrx_word' id='word_1_149' title='bbox 331 2611 379 2664; x_wconf 87' lang='lat' dir='ltr'>est</span> <span class='ocrx_word' id='word_1_150' title='bbox 409 2602 451 2663; x_wconf 86' lang='lat' dir='ltr'>ad</span> <span class='ocrx_word' id='word_1_151' title='bbox 486 2603 701 2683; x_wconf 87' lang='lat' dir='ltr'>propositum,</span> <span class='ocrx_word' id='word_1_152' title='bbox 737 2603 814 2683; x_wconf 87' lang='lat' dir='ltr'>quia</span> <span class='ocrx_word' id='word_1_153' title='bbox 845 2623 911 2664; x_wconf 94' lang='lat' dir='ltr'>non</span> <span class='ocrx_word' id='word_1_154' title='bbox 947 2613 1080 2684; x_wconf 87' lang='lat' dir='ltr'>oportet</span> <span class='ocrx_word' id='word_1_155' title='bbox 1112 2600 1192 2685; x_wconf 91' lang='lat' dir='ltr'>quod</span> 
     </span>
     <span class='ocr_line' id='line_1_24' title="bbox 235 2709 1192 2772; baseline 0 -2"><span class='ocrx_word' id='word_1_156' title='bbox 235 2710 405 2771; x_wconf 85' lang='lat' dir='ltr'>videamus</span> <span class='ocrx_word' id='word_1_157' title='bbox 428 2711 538 2771; x_wconf 91' lang='lat' dir='ltr'>Deum</span> <span class='ocrx_word' id='word_1_158' title='bbox 570 2709 666 2771; x_wconf 92' lang='lat' dir='ltr'>oculo</span> <span class='ocrx_word' id='word_1_159' title='bbox 701 2709 820 2771; x_wconf 88' lang='lat' dir='ltr'>carnali</span> <span class='ocrx_word' id='word_1_160' title='bbox 855 2709 938 2771; x_wconf 91' lang='lat' dir='ltr'>sieut</span> <span class='ocrx_word' id='word_1_161' title='bbox 973 2710 1124 2772; x_wconf 91' lang='lat' dir='ltr'>videmus</span> <span class='ocrx_word' id='word_1_162' title='bbox 1145 2730 1192 2771; x_wconf 92' lang='lat' dir='ltr'>co-</span> 
     </span>
     <span class='ocr_line' id='line_1_25' title="bbox 237 2814 1193 2898; baseline -0.002 -21"><span class='ocrx_word' id='word_1_163' title='bbox 237 2817 356 2895; x_wconf 80' lang='lat' dir='ltr'>lorem3</span> <span class='ocrx_word' id='word_1_164' title='bbox 381 2825 438 2878; x_wconf 93' lang='lat' dir='ltr'>aut</span> <span class='ocrx_word' id='word_1_165' title='bbox 461 2824 568 2897; x_wconf 89' lang='lat' dir='ltr'>potest</span> <span class='ocrx_word' id='word_1_166' title='bbox 584 2814 717 2898; x_wconf 84' lang='lat' dir='ltr'>intelligi</span> <span class='ocrx_word' id='word_1_167' title='bbox 734 2816 852 2878; x_wconf 89' lang='lat' dir='ltr'>virtute</span> <span class='ocrx_word' id='word_1_168' title='bbox 868 2816 938 2896; x_wconf 89' lang='lat' dir='ltr'>ejus</span> <span class='ocrx_word' id='word_1_169' title='bbox 954 2824 992 2877; x_wconf 88' lang='lat' dir='ltr'>ut</span> <span class='ocrx_word' id='word_1_170' title='bbox 1006 2815 1193 2879; x_wconf 86' lang='lat' dir='ltr'>continentis</span> 
     </span>
     <span class='ocr_line' id='line_1_26' title="bbox 234 2921 1194 3005; baseline -0.002 -21"><span class='ocrx_word' id='word_1_171' title='bbox 234 2923 423 2996; x_wconf 87' lang='lat' dir='ltr'>virtualiter,</span> <span class='ocrx_word' id='word_1_172' title='bbox 448 2932 481 2984; x_wconf 90' lang='lat' dir='ltr'>et</span> <span class='ocrx_word' id='word_1_173' title='bbox 504 2930 582 2984; x_wconf 90' lang='lat' dir='ltr'>tunc</span> <span class='ocrx_word' id='word_1_174' title='bbox 599 2923 708 2984; x_wconf 81' lang='lat' dir='ltr'>minor</span> <span class='ocrx_word' id='word_1_175' title='bbox 717 2932 766 2984; x_wconf 92' lang='lat' dir='ltr'>est</span> <span class='ocrx_word' id='word_1_176' title='bbox 781 2921 870 2996; x_wconf 86' lang='lat' dir='ltr'>salsa,</span> <span class='ocrx_word' id='word_1_177' title='bbox 888 2922 964 3003; x_wconf 88' lang='lat' dir='ltr'>quia</span> <span class='ocrx_word' id='word_1_178' title='bbox 988 2944 1056 2985; x_wconf 83' lang='lat' dir='ltr'>non</span> <span class='ocrx_word' id='word_1_179' title='bbox 1074 2930 1194 3005; x_wconf 88' lang='lat' dir='ltr'>oportet</span> 
     </span>
     <span class='ocr_line' id='line_1_27' title="bbox 237 3028 1193 3110; baseline -0.001 -20"><span class='ocrx_word' id='word_1_180' title='bbox 237 3030 327 3110; x_wconf 92' lang='lat' dir='ltr'>quod</span> <span class='ocrx_word' id='word_1_181' title='bbox 342 3030 461 3090; x_wconf 87' lang='lat' dir='ltr'>virtute</span> <span class='ocrx_word' id='word_1_182' title='bbox 477 3029 538 3089; x_wconf 88' lang='lat' dir='ltr'>Dei</span> <span class='ocrx_word' id='word_1_183' title='bbox 552 3030 702 3091; x_wconf 89' lang='lat' dir='ltr'>voluntas</span> <span class='ocrx_word' id='word_1_184' title='bbox 718 3028 794 3091; x_wconf 89' lang='lat' dir='ltr'>velit</span> <span class='ocrx_word' id='word_1_185' title='bbox 813 3029 1036 3109; x_wconf 88' lang='lat' dir='ltr'>quodcunque</span> <span class='ocrx_word' id='word_1_186' title='bbox 1053 3030 1193 3099; x_wconf 89' lang='lat' dir='ltr'>volitum,</span> 
     </span>
     <span class='ocr_line' id='line_1_28' title="bbox 234 3135 1194 3198; baseline -0.004 -1"><span class='ocrx_word' id='word_1_187' title='bbox 234 3145 315 3197; x_wconf 89' lang='lat' dir='ltr'>tunc</span> <span class='ocrx_word' id='word_1_188' title='bbox 349 3136 435 3198; x_wconf 89' lang='lat' dir='ltr'>enirn</span> <span class='ocrx_word' id='word_1_189' title='bbox 471 3136 576 3197; x_wconf 90' lang='lat' dir='ltr'>omnis</span> <span class='ocrx_word' id='word_1_190' title='bbox 610 3144 703 3197; x_wconf 92' lang='lat' dir='ltr'>actus</span> <span class='ocrx_word' id='word_1_191' title='bbox 737 3135 913 3197; x_wconf 87' lang='lat' dir='ltr'>voluntatis</span> <span class='ocrx_word' id='word_1_192' title='bbox 947 3143 1033 3197; x_wconf 91' lang='lat' dir='ltr'>esset</span> <span class='ocrx_word' id='word_1_193' title='bbox 1068 3135 1194 3198; x_wconf 85' lang='lat' dir='ltr'>actualis</span> 
     </span>
     <span class='ocr_line' id='line_1_29' title="bbox 238 3241 1155 3322; baseline 0 -18"><span class='ocrx_word' id='word_1_194' title='bbox 238 3263 314 3304; x_wconf 90' lang='lat' dir='ltr'>usus</span> <span class='ocrx_word' id='word_1_195' title='bbox 337 3243 504 3305; x_wconf 81' lang='lat' dir='ltr'>referendo</span> <span class='ocrx_word' id='word_1_196' title='bbox 528 3243 606 3303; x_wconf 91' lang='lat' dir='ltr'>illud</span> <span class='ocrx_word' id='word_1_197' title='bbox 630 3242 662 3303; x_wconf 92' lang='lat' dir='ltr'>in</span> <span class='ocrx_word' id='word_1_198' title='bbox 687 3242 853 3322; x_wconf 88' lang='lat' dir='ltr'>objectum</span> <span class='ocrx_word' id='word_1_199' title='bbox 878 3241 985 3322; x_wconf 92' lang='lat' dir='ltr'>primo</span> <span class='ocrx_word' id='word_1_200' title='bbox 1005 3243 1155 3304; x_wconf 87' lang='lat' dir='ltr'>volitum.</span> 
     </span>
    </p>

    <p class='ocr_par' dir='ltr' id='par_1_6' title="bbox 234 3348 1196 3731">
     <span class='ocr_line' id='line_1_30' title="bbox 303 3348 1195 3430; baseline 0.001 -20"><span class='ocrx_word' id='word_1_201' title='bbox 303 3350 362 3411; x_wconf 77' lang='lat' dir='ltr'>Ad</span> <span class='ocrx_word' id='word_1_202' title='bbox 381 3350 513 3412; x_wconf 78' lang='lat' dir='ltr'>tertium</span> <span class='ocrx_word' id='word_1_203' title='bbox 540 3350 614 3411; x_wconf 88' lang='lat' dir='ltr'>dico</span> <span class='ocrx_word' id='word_1_204' title='bbox 648 3349 739 3430; x_wconf 93' lang='lat' dir='ltr'>quod</span> <span class='ocrx_word' id='word_1_205' title='bbox 773 3348 923 3430; x_wconf 87' lang='lat' dir='ltr'>quamvis</span> <span class='ocrx_word' id='word_1_206' title='bbox 958 3348 1114 3411; x_wconf 89' lang='lat' dir='ltr'>voluntas</span> <span class='ocrx_word' id='word_1_207' title='bbox 1137 3369 1195 3411; x_wconf 89' lang='lat' dir='ltr'>non</span> 
     </span>
     <span class='ocr_line' id='line_1_31' title="bbox 234 3456 1196 3538; baseline -0.001 -20"><span class='ocrx_word' id='word_1_208' title='bbox 234 3456 339 3538; x_wconf 91' lang='lat' dir='ltr'>possit</span> <span class='ocrx_word' id='word_1_209' title='bbox 361 3458 425 3518; x_wconf 93' lang='lat' dir='ltr'>tale</span> <span class='ocrx_word' id='word_1_210' title='bbox 448 3456 614 3537; x_wconf 84' lang='lat' dir='ltr'>objectum</span> <span class='ocrx_word' id='word_1_211' title='bbox 639 3475 704 3518; x_wconf 95' lang='lat' dir='ltr'>non</span> <span class='ocrx_word' id='word_1_212' title='bbox 728 3456 818 3528; x_wconf 89' lang='lat' dir='ltr'>velle,</span> <span class='ocrx_word' id='word_1_213' title='bbox 843 3464 955 3516; x_wconf 88' lang='lat' dir='ltr'>tamen</span> <span class='ocrx_word' id='word_1_214' title='bbox 979 3474 1047 3517; x_wconf 92' lang='lat' dir='ltr'>non</span> <span class='ocrx_word' id='word_1_215' title='bbox 1073 3462 1196 3537; x_wconf 90' lang='lat' dir='ltr'>oportet</span> 
     </span>
     <span class='ocr_line' id='line_1_32' title="bbox 237 3561 1195 3643; baseline -0.002 -19"><span class='ocrx_word' id='word_1_216' title='bbox 237 3563 415 3624; x_wconf 90' lang='lat' dir='ltr'>necessario</span> <span class='ocrx_word' id='word_1_217' title='bbox 438 3562 529 3635; x_wconf 91' lang='lat' dir='ltr'>velle,</span> <span class='ocrx_word' id='word_1_218' title='bbox 554 3562 631 3643; x_wconf 87' lang='lat' dir='ltr'>quia</span> <span class='ocrx_word' id='word_1_219' title='bbox 662 3570 769 3643; x_wconf 90' lang='lat' dir='ltr'>potest</span> <span class='ocrx_word' id='word_1_220' title='bbox 803 3561 1001 3642; x_wconf 88' lang='lat' dir='ltr'>suspendere</span> <span class='ocrx_word' id='word_1_221' title='bbox 1037 3562 1195 3625; x_wconf 87' lang='lat' dir='ltr'>actionem</span> 
     </span>
     <span class='ocr_line' id='line_1_33' title="bbox 235 3668 803 3731; baseline 0.009 -5"><span class='ocrx_word' id='word_1_222' title='bbox 235 3686 330 3727; x_wconf 91' lang='lat' dir='ltr'>suam</span> <span class='ocrx_word' id='word_1_223' title='bbox 354 3669 510 3730; x_wconf 89' lang='lat' dir='ltr'>dicendo:</span> <span class='ocrx_word' id='word_1_224' title='bbox 535 3669 612 3730; x_wconf 94' lang='lat' dir='ltr'>nolo</span> <span class='ocrx_word' id='word_1_225' title='bbox 637 3687 690 3727; x_wconf 90' lang='lat' dir='ltr'>me</span> <span class='ocrx_word' id='word_1_226' title='bbox 712 3668 803 3731; x_wconf 90' lang='lat' dir='ltr'>velle.</span> 
     </span>
    </p>
   </div>
   <div class='ocr_carea' id='block_1_4' title="bbox 0 0 1322 4267">
    <p class='ocr_par' dir='ltr' id='par_1_7' title="bbox 0 0 1322 4267">
     <span class='ocr_line' id='line_1_34' title="bbox 0 0 1322 4267; baseline 0 0"><span class='ocrx_word' id='word_1_227' title='bbox 0 0 1322 4267; x_wconf 95' lang='lat' dir='ltr'> </span> 
     </span>
    </p>
   </div>
  </div>
 </body>
</html>
