2634 4267
377 265 565 330 Drsmrcr.
591 266 639 328 IV
665 264 812 348 QuAEsr.
837 267 851 327 Ι
1047 282 1105 346 173

152 469 298 533 instanti
323 491 393 532 suae
418 471 596 544 creationis,
621 471 678 532 sed
714 469 774 532 fuit
797 471 906 552 aliqua
938 471 1064 534 morula
1087 472 1132 532 in-

150 585 211 640 ter
247 577 447 639 creationem
471 586 503 640 et
540 577 681 659 lapsum,
706 578 796 658 quod
828 565 923 658 patet¹
942 599 998 659 per
1030 579 1132 660 Magi·

151 694 269 747 strum
294 684 371 746 dist.
392 702 427 762 j.
451 693 482 746 et
495 702 528 767 4.
553 707 578 746 c.
599 703 634 763 3.
651 684 725 746 vide
749 684 801 746 ibi.
828 685 910 746 Item
936 706 993 766 per
1016 685 1132 770 Augu-

152 791 289 854 stinum
325 801 422 871 super
459 778 537 855 Gerr.
562 792 610 853 ad
644 791 707 856 litt.
734 791 788 852 ubi
812 791 890 853 dicit
925 792 1015 872 quod
1039 792 1131 854 Deus

153 919 230 960 non
256 898 348 979 prius
364 908 412 960 est
435 898 520 960 ultor
543 919 643 980 quam
666 897 782 979 aliquis
806 898 846 960 sit
870 906 1030 979 peccator.
1048 900 1131 960 Item

153 1005 265 1068 Isaioe
290 1023 360 1087 14.‚·
384 1005 554 1086 quomodo
578 1004 723 1067 cecidisti
754 1003 865 1066 lucifer
889 1005 930 1066 de
960 1007 1051 1080 cae10,
1076 1005 1131 1086 qui

152 1121 224 1174 etc.
253 1112 298 1172 Et
322 1111 441 1173 Eaecln
465 1110 533 1174 28:
557 1121 593 1174 tu
618 1111 821 1196 signaculum
854 1111 1071 1174 similitudinis
1099 1112 1131 1174 in

153 1218 287 1282 deliciis
311 1217 450 1301 paradisi
473 1227 552 1296 etc.;
578 1239 655 1302 ergo
680 1239 744 1280 non
770 1218 879 1280 statim
909 1219 1032 1280 cecidit.
1066 1217 1131 1281 Sed

153 1327 290 1388 diceres
313 1334 394 1406 quot
419 1334 496 1387 sunt
521 1326 657 1387 morulae
682 1334 714 1386 et
738 1346 813 1406 quae
838 1330 936 1387 sunt?
960 1325 1019 1387 Ad
1042 1324 1132 1406 quod

154 1433 294 1495 dicetur
317 1432 350 1493 in
376 1449 405 1493 2.
431 1432 505 1494 Art.
533 1430 661 1513 Quaest.
687 1453 753 1513 seq.
899 1434 901 1438 ’

171 1649 175 1654 ’
226 1645 290 1707 ΑΙ)
307 1644 547 1708 ARGUMENTA
564 1658 805 1707 PRINCIPALIA.
830 1643 889 1706 Ad
895 1645 1043 1725 priorum
1059 1646 1133 1708 dico

156 1752 259 1835 quod
283 1751 316 1812 in
339 1760 473 1832 peccato
507 1752 574 1814 duo
598 1760 694 1826 sunt:
708 1751 827 1814 scilicet
857 1761 948 1812 actus
972 1760 1004 1812 et
1027 1751 1132 1813 defor-

157 1859 275 1922 mitas.
301 1858 439 1920 Ratione
462 1866 553 1920 actus
575 1867 623 1919 est
647 1879 666 1919 a
690 1860 763 1921 Deo
779 1858 1060 1938 quemadmodum
1078 1880 1134 1940 po-

158 1967 214 2029 nit
239 1965 302 2026 alia
325 1965 444 2046 opinio,
469 1961 552 2027 sicut
575 1964 701 2047 patebit
724 1963 814 2026 infra.
841 1964 905 2027 Sed
930 1965 1054 2026 ratione
1077 1965 1132 2027 de-

157 2070 341 2136 formitatis
364 2080 411 2134 est
435 2093 454 2132 a
477 2081 627 2134 creatura
658 2072 855 2153 inquantum
888 2080 936 2133 est
960 2072 1000 2132 de
1024 2071 1132 2134 nihilo.

158 2181 214 2243 Et
238 2198 315 2239 cum
338 2165 457 2259 arg‘uis,
482 2178 631 2240 naturale
653 2187 703 2240 est
733 2179 793 2241 sibi
817 2177 962 2252 deficere,
988 2179 1132 2240 concedo

157 2287 208 2349 de
234 2283 361 2346 defectu
385 2285 441 2366 qui
464 2293 513 2346 est
544 2284 745 2359 annihilatio,
771 2306 856 2367 nego
880 2294 990 2346 autem
1014 2284 1055 2346 de
1078 2286 1133 2347 de-

158 2392 256 2455 fectu
281 2391 336 2472 qui
358 2400 407 2453 est
430 2391 592 2453 declinare
614 2412 634 2453 a
658 2392 771 2473 regula
793 2392 844 2453 vel
868 2391 920 2453 via
936 2391 1075 2452 rationis.

236 2498 296 2559 Ad
314 2498 488 2560 secundum
512 2499 588 2560 dico
612 2499 702 2579 quod
728 2497 911 2580 ignorantia
935 2507 983 2559 est
999 2498 1132 2578 duplex,

157 2605 289 2670 scilicet
320 2605 506 2685 praecedens
537 2612 570 2666 et
595 2605 806 2685 subsequens.
838 2604 991 2685 Angelus
1022 2612 1131 2665 autem

160 2711 271 2776 habet
293 2710 509 2793 ignorantiam
545 2711 798 2793 subsequentem
829 2711 1042 2784 voluntatem,
1067 2731 1132 2772 non

158 2817 419 2901 praecedentem,
444 2817 526 2879 sicut
549 2817 646 2879 etiam
671 2838 747 2878 cum
771 2818 842 2898 quis
875 2827 988 2899 peccat
1013 2826 1133 2878 morta-

158 2926 239 2987 liter
262 2923 385 2985 ratione
408 2924 673 2986 contradicente.'

237 3026 302 3096 Ad
332 3033 563 3116 argumenta
587 3031 739 3093 secundae
771 3029 930 3111 opinionis
962 3029 1038 3092 dicit
1062 3031 1132 3090 Ma-

163 3137 277 3221 gister,
302 3144 335 3198 et
357 3136 449 3209 bene,
473 3137 563 3217 quod
587 3137 638 3198 ille
662 3136 723 3198 fuit
746 3136 909 3198 homicida
925 3137 966 3197 ab
990 3136 1090 3209 initio,
1109 3137 1133 3196 i-

163 3245 240 3307 dest
263 3243 374 3305 statim
399 3251 472 3323 post
496 3243 633 3318 initium,
659 3243 735 3324 quia
759 3241 819 3304 fuit
843 3243 971 3304 modica
1007 3244 1133 3304 morula

164 3352 250 3413 inter
273 3329 471 3412 creationem
494 3358 527 3410 et
551 3350 688 3431 lapsum.

234 3457 295 3519 Ad
314 3456 491 3518 secundum
515 3477 601 3538 nego
625 3457 828 3529 antecedens,
854 3455 936 3518 sicut
961 3455 1084 3536 patebit
1100 3455 1132 3516 in

163 3563 293 3646 Quaest.
320 3583 387 3643 seq.
412 3561 462 3622 Tu
488 3563 606 3642 probas
629 3564 719 3644 quod
743 3562 837 3624 simul
863 3562 1046 3624 habuerunt
1063 3583 1133 3642 gra-

164 3671 243 3734 tiam
267 3681 301 3734 et
327 3667 487 3751 gloriam;
511 3670 585 3731 dico
608 3670 698 3751 quod
715 3677 762 3732 est
778 3668 905 3730 salsum.
931 3705 974 3714 -
995 3668 1134 3747 Adpro-

160 3781 325 3845 batr'onem
351 3776 532 3856 respondeo
555 3797 612 3858 per
642 3776 935 3857 interemptionem,
960 3774 1036 3854 quia
1059 3773 1130 3835 An-
