2634 4267
514 304 599 379 84
1029 299 1178 362 LIB.
1228 301 1287 361 II
1337 298 1926 363 SENTENTIARUM

600 506 716 568 Ad
756 505 952 568 aliud
991 513 1206 586 potest
1254 504 1475 585 negari
1524 505 1753 587 major,
1802 503 1955 584 quia
2003 502 2229 564 anima
2292 503 2400 564 de-

467 612 600 676 ficit
647 611 1275 694 proportionabiliter
1323 631 1362 671 a
1386 610 1622 673 virtute
1647 610 1894 691 angeli3
1922 609 2163 691 poterit
2197 610 2399 671 etiam

470 722 686 802 negari
738 719 968 791 fsrs'nor,
1018 717 1171 798 quia
1216 717 1434 778 anima
1481 737 1633 778 cum
1691 736 1963 798 corpore
2026 714 2400 798 glorificato

470 826 702 906 poterit
754 825 995 887 moveri
1043 824 1102 885 in
1154 823 1434 885 instanti.
1486 824 1574 884 Et
1621 843 1773 885 cum
1822 822 2090 886 dicitur:
2153 843 2402 903 corpus

466 954 598 994 nun
646 942 742 994 est
790 932 904 994 sibi
952 931 1015 992 in
1064 951 1247 1004 onuS,
1298 950 1429 992 non
1487 931 1691 1005 valet3
1757 949 1910 990 nam
1975 929 2200 990 anima
2266 929 2402 990 alio

470 1038 670 1102 modo
718 1037 1012 1119 intelligit
1058 1047 1355 1118 separata
1400 1036 1526 1098 alio
1561 1035 1761 1098 modo
1809 1034 2182 1115 conjuncta,
2240 1036 2398 1117 quia

470 1158 538 1206 ut
586 1158 881 1226 separata
925 1153 991 1206 et
1046 1142 1406 1226 glorificata
1451 1143 1639 1217 clare,
1666 1143 1847 1224 quod
1894 1162 2024 1203 non
2058 1141 2213 1203 facit
2245 1162 2404 1204 con-

462 1254 706 1334 juncta,
754 1260 1309 1332 quantuncunque
1341 1270 1577 1330 corpus
1624 1269 1754 1311 non
1802 1249 1882 1310 sit
1928 1248 2046 1310 sibi
2095 1248 2161 1310 in
2205 1269 2400 1310 onus.

470 1358 882 1438 Auguffitinus
964 1358 1136 1419 enirn
1200 1357 1374 1429 dicit,
1463 1376 1592 1417 non
1663 1364 1759 1417 est
1827 1355 1944 1417 sibi
2014 1376 2256 1436 corpus
2332 1356 2397 1417 in

466 1486 630 1526 unus
674 1466 754 1526 acl
806 1465 1171 1527 faciendum
1220 1484 1388 1545 opus
1423 1462 1843 1536 meritorium,
1877 1462 1990 1523 sed
2024 1462 2245 1542 potius
2294 1471 2394 1524 est

466 1574 991 1634 instrumentum.

598 1678 714 1738 alsi
754 1677 948 1739 fffz'ud
987 1677 1134 1738 dico
1181 1676 1363 1757 quod
1397 1675 1607 1755 major
1654 1684 1719 1736 et
1768 1675 1977 1736 minor
2018 1674 2227 1737 virtus
2256 1696 2395 1737 non

466 1794 678 1866 potest
726 1785 841 1846 sibi
888 1783 1131 1865 aequari
1158 1803 1272 1863 per
1304 1781 1861 1862 comparationem
1894 1781 1977 1842 ad
2012 1801 2393 1843 mensuram

462 1894 842 1954 diuisibilem
891 1910 1022 1952 non
1070 1899 1289 1951 autem
1338 1888 1810 1961 indivisibilem,
1860 1887 2013 1968 quia
2071 1888 2122 1949 si
2187 1889 2401 1951 virtus

462 1998 642 2062 finita
694 2005 907 2078 posset
939 1996 1183 2058 moveri
1233 1996 1295 2057 in
1345 2003 1530 2056 tanto
1562 2003 1859 2076 tempore
1889 1994 2094 2056 virtus
2141 1994 2401 2057 infinita

462 2106 526 2166 in
578 2106 826 2174 minori.
877 2124 1008 2165 non
1057 2112 1277 2165 tamen
1325 2110 1504 2163 tenet
1551 2101 1613 2162 in
1648 2121 1950 2163 mensura
1997 2100 2394 2176 indivisibili,

462 2214 614 2294 qui-a
662 2214 706 2272 si
758 2214 958 2272 virtus
1004 2208 1184 2270 finita
1234 2216 1456 2270 movet
1501 2208 1565 2269 in
1613 2207 1894 2281 instanti,
1946 2227 2078 2269 non
2130 2218 2395 2289 oportet

462 2318 638 2398 quod
690 2318 888 2378 qrii-tus
934 2314 1184 2378 infinita
1230 2315 1434 2396 possit
1483 2313 1726 2376 moveri
1775 2313 1838 2375 in
1911 2312 2167 2389 minori,
2233 2317 2389 2396 quia

466 2446 590 2486 nun
642 2434 734 2486 est
782 2426 934 2486 dare
996 2422 1229 2494 minus,
1279 2429 1344 2482 et
1407 2419 1532 2482 hoc
1578 2420 1812 2482 accidit
1858 2440 1943 2482 ex
2006 2421 2395 2484 conditione

466 2554 802 2598 mensuram.
853 2549 984 2591 non
1032 2549 1117 2590 ex
1166 2536 1349 2608 parte
1395 2527 1750 2608 agentium.

594 2634 861 2702 Adhuc
907 2636 1144 2702 restat
1183 2630 1431 2700 videre
1477 2633 1527 2695 si
1559 2633 1831 2714 angelus
1863 2641 2079 2714 potest
2117 2655 2389 2697 movere

458 2766 526 2806 se
570 2746 654 2806 :ab
702 2754 997 2806 extremo
1053 2741 1116 2802 in
1172 2748 1546 2802 extremum
1617 2760 1748 2801 non
1796 2741 2210 2802 transeundo
2259 2762 2389 2803 me-

462 2854 666 2922 dium}
714 2858 778 2910 et
826 2849 971 2910 dico
1026 2848 1206 2929 quod
1268 2867 1402 2907 non
1466 2854 1681 2927 potest
1742 2867 1809 2907 se
1873 2866 2143 2908 movere
2203 2856 2389 2910 motu

454 2958 762 3018 contiuuo
814 2956 894 3017 ab
939 2963 1237 3016 extremo
1284 2953 1349 3015 in
1397 2962 1769 3015 extremum
1804 2973 1933 3014 non
1967 2954 2374 3016 transeundo

462 3066 774 3134 medium,
830 3062 1113 3123 maxime
1160 3061 1209 3122 si
1260 3059 1550 3121 medium
1598 3068 1694 3121 est
1754 3058 1997 3140 aliquid
2061 3069 2396 3123 extremo·

458 3193 622 3238 rum„
670 3170 818 3250 quia
867 3168 994 3230 tale
1045 3167 1333 3228 medium
1367 3174 1463 3228 est
1517 3187 1713 3228 causa
1769 3165 2218 3229 continuitatis
2251 3188 2388 3229 mo-

458 3290 594 3346 tus:
650 3286 826 3338 motu
877 3283 1097 3336 autem
1146 3273 1560 3336 discontinuo
1609 3281 1822 3354 potest
1869 3293 1937 3334 se
1985 3266 2256 3336 movere
2304 3277 2388 3337 de

454 3394 750 3446 extremo
802 3382 863 3442 in
910 3390 1283 3443 extremum
1334 3400 1465 3442 non
1511 3379 1911 3442 transeundo
1962 3380 2278 3442 medium.

603 3597 1047 3678 Ostra-'ntum
1095 3596 1224 3661 ad
1258 3593 1675 3677 quintum
1703 3592 2209 3659 Articulum
2235 3605 2391 3657 sunt

458 3702 864 3766 difficultates
910 3700 1284 3783 Philosophi
1333 3700 1393 3762 6.
1471 3699 1674 3781 Phys.
1755 3701 1991 3782 quibus
2067 3702 2395 3782 probatur

455 3810 634 3890 quod
686 3810 932 3870 nullum
980 3807 1361 3869 indivisibile
1407 3806 1609 3888 possit
1657 3807 1922 3870 moveri.
