2634 4267
294 262 480 324 D1sT1Ncr.
505 261 616 324 XVIII
642 259 787 340 Quasi.
814 262 826 322 I
994 263 1064 362 '289

118 488 177 548 per
195 467 277 550 agit,
294 466 386 529 etsie
403 466 537 528 materia
554 486 723 546 nunquam
740 475 822 527 esset
838 466 869 527 in
894 486 962 528 esse
974 466 1085 547 quieto

117 575 181 636 sub
199 573 324 649 forma;
341 583 398 635 aut
414 594 480 636 non
496 593 623 654 semper
639 572 717 654 agit,
735 573 790 634 sed
806 581 935 634 tantum
952 573 1085 654 quando

116 681 284 742 excitatur
315 681 357 742 ab
381 689 498 762 agente
532 679 694 753 exteriori,
719 687 849 741 etcum
884 679 948 741 tale
982 700 1083 760 agens
1129 669 1134 678 ⁶

116 789 158 864 sit
184 797 291 860 extra,
316 788 375 849 erit
396 786 564 868 generatio
588 785 738 847 violenta.

186 889 262 959 Est
281 891 362 959 alia
386 890 515 978 Opinio
537 888 813 972 Rz'churcu‘quae
837 892 1027 972 dicitquod
1051 892 1083 954 in

117 1001 257 1062 materia
280 1013 329 1062 est
352 1009 421 1062 tota
452 999 557 1061 forma
580 1000 760 1060 secundum
793 1020 912 1080 purum
936 1020 1005 1061 esse
1029 1021 1084 1080 po·

115 1108 307 1170 tentionale.

191 1213 335 1293 Contra:
359 1223 416 1276 aut
439 1223 531 1275 actus
546 1212 668 1294 aliquid
692 1213 782 1275 addit
797 1214 839 1275 ad
864 1213 942 1274 illud
963 1234 1082 1294 purum

115 1322 351 1404 potentionale,
368 1329 425 1382 aut
440 1320 527 1382 nihil.
546 1321 580 1383 Si
605 1319 718 1392 m'lzz'l,·
735 1341 814 1401 ergo
839 1321 1004 1401 generatio
1020 1329 1080 1382 ter-

116 1429 263 1490 minatur
298 1429 340 1490 ad
365 1427 452 1489 nihil.
490 1427 523 1490 Si
557 1427 699 1508 aliquid,
735 1426 785 1487 vel
809 1426 995 1489 absolutum
1031 1429 1081 1490 vel

115 1536 348 1616 respectivum.
385 1535 460 1596 Non
484 1536 706 1615 respectivum,
746 1533 821 1614 quia
857 1543 935 1595 tunc
970 1534 1082 1596 relatio

114 1651 200 1704 esset
225 1642 383 1703 terminus
407 1649 516 1702 motus
540 1641 590 1703 vel
615 1640 803 1702 mutationis
838 1640 930 1720 cujus
954 1651 1081 1703 contra-

114 1750 202 1810 rium
228 1756 318 1828 patet
348 1766 381 1829 5.
401 1747 507 1827 Phys.
545 1747 579 1810 Si
602 1748 693 1809 addit
727 1746 848 1827 aliquid
883 1747 1075 1820 absolutum,

114 1877 198 1937 ergo
223 1875 289 1916 non
313 1853 443 1934 praefuit
466 1863 535 1915 tota
559 1853 673 1917 forma.

184 1963 271 2022 Dico
306 1982 384 2042 ergo
419 1962 508 2041 quod
532 1961 613 2022 ratio
648 1960 809 2022 seminalis
839 1969 888 2022 est
922 1961 1076 2041 quaedam

114 2070 258 2151 qualitas
281 2088 482 2148 consequens
505 2067 644 2129 formam
670 2067 914 2128 substantialem
939 2068 1078 2141 seminis

113 2185 147 2238 et
171 2197 239 2237 non
264 2184 313 2237 est
347 2157 437 2236 actus
460 2195 580 2236 coevus
611 2174 866 2255 correspondens
890 2175 949 2255 ipsi
979 2183 1080 2236 mate-

114 2284 181 2357 riae,
208 2282 266 2344 sed
290 2281 342 2342 via
364 2282 406 2342 ad
430 2282 628 2361 productum
653 2281 742 2361 quod
767 2289 815 2342 est
838 2301 894 2360 per
918 2302 951 2342 se
975 2282 1077 2343 inten—

113 2401 187 2452 tum
212 2411 232 2450 a
257 2397 381 2451 natura.

188 2602 414 2689 Quantum
454 2602 519 2667 ad
547 2603 789 2668 sectandum
825 2601 1078 2668 Articulum

112 2721 162 2796 est
186 2710 355 2771 sciendum
380 2711 470 2790 quod
493 2699 601 2790 aliqua
637 2710 817 2770 secundum
841 2710 966 2790 aliquos
994 2730 1077 2770 sem·
1127 2693 1129 2699 ,

112 2840 170 2899 per
196 2817 384 2897 producunt
399 2815 458 2876 sibi
475 2816 640 2877 dissimilia
658 2816 854 2888 immediate,
880 2825 915 2875 ut
939 2815 986 2876 sol
1003 2837 1077 2896 pro·

111 2925 205 2988 ducit
230 2943 352 2985 ranam.
367 2922 501 3002 Aliqua
525 2923 711 3002 producunt
734 2921 793 2983 sibi
817 2922 941 2995 similia,
966 2932 998 2984 et
1015 2922 1077 2985 hoc

111 3030 296 3112 dupliciter,
321 3030 440 3091 scilicet
464 3030 612 3102 mediate,
638 3038 674 3089 ut
698 3028 798 3090 homo
824 3028 1001 3101 hominem,
1026 3030 1075 3091 vel

112 3136 313 3208 immediate,
339 3145 374 3196 ut
398 3135 480 3216 ignis
504 3136 624 3216 ignem.

182 3244 241 3304 Ad
266 3242 469 3322 propositum
486 3243 559 3302 dico
582 3242 672 3321 quod
690 3241 720 3301 in
745 3241 856 3321 primis
880 3262 944 3302 non
970 3251 1076 3322 potest

111 3372 182 3413 esse
205 3350 288 3410 ratio
319 3348 489 3419 seminalis
514 3348 589 3428 quia
625 3369 683 3408 nec
718 3349 836 3409 virtute
871 3349 944 3408 coeli
969 3357 1075 3428 potest

112 3457 266 3543 sensitiva
289 3454 395 3516 forma
426 3476 457 3515 m
483 3475 560 3515 rana
594 3455 747 3534 produci;
772 3455 864 3533 cujus
899 3454 980 3515 ratio
1004 3454 1074 3515 talis

111 3573 177 3626 est:
201 3563 309 3624 omnis
326 3582 424 3621 causa
439 3562 608 3641 aequivoca
631 3571 680 3622 est
696 3561 834 3621 nobilior
858 3560 972 3621 effectu
998 3581 1073 3642 pro-

112 3671 222 3744 ducto,
248 3670 310 3729 ista
333 3667 419 3728 enim
455 3677 573 3748 negata
597 3688 662 3729 non
687 3677 794 3749 potest
830 3666 959 3748 probari
983 3667 1072 3747 quod

968 3794 994 3837 19
