2634 4267
277 276 342 353 418
548 268 625 337 Lm.
651 272 681 334 11
706 272 1000 334 Snnrenrmnun

255 392 421 399 .-------—
425 391 629 401 —--—-—-

254 479 401 551 membri,
427 478 470 540 ita
493 478 537 539 ad
560 477 740 539 bonitatem
767 484 860 538 actus
879 469 1081 556 requiruntur
1101 472 1212 535 omnia

253 606 309 667 per
334 605 367 647 se
391 585 562 665 requisita;
588 593 680 645 actus
706 592 818 645 autern
854 582 1024 663 requiritur
1056 580 1213 642 sufficiens

252 692 392 755 efficiens
422 701 454 753 et
486 692 653 771 objectum
689 699 722 752 et
755 688 855 752 finem
890 698 923 750 et
958 687 1103 760 formam,
1138 706 1212 767 quae

252 807 450 861 concurrunt
466 806 626 879 tanquam
643 796 869 859 convenientia
884 796 927 857 ad
946 795 1016 875 ejus
1031 814 1112 868 esse;
1135 812 1212 873 ergo

253 926 319 967 non
342 914 390 967 est
415 904 550 985 praecise
574 904 682 966 bonus
705 924 748 965 ex
771 902 831 964 ista
854 902 1001 964 bonitate
1035 901 1150 962 scilicet
1171 920 1213 961 ex

253 1011 326 1074 fine.

320 1114 377 1185 De
400 1112 570 1183 secunda
594 1112 762 1188 bonitate,
787 1115 908 1177 scilicet
921 1115 1045 1188 morali,
1069 1114 1140 1175 dico
1162 1133 1212 1173 eo

254 1226 329 1287 dem
355 1224 455 1285 modo
481 1223 572 1304 quod
606 1232 699 1285 actus
734 1242 799 1284 non
834 1231 883 1284 est
917 1222 1024 1284 bonus
1059 1195 1210 1282 moraliter

254 1332 387 1413 praecise
410 1351 454 1391 ex
479 1329 552 1403 fine,
577 1339 610 1392 et
637 1328 734 1409 hujus
768 1329 850 1390 ratio
873 1328 987 1391 similis
1021 1337 1068 1390 est
1102 1345 1210 1408 praece·
1284 1397 1286 1408 Ι

254 1439 343 1499 denti
366 1437 443 1519 quia
467 1437 594 1499 bonurn
619 1445 669 1497 est
691 1456 734 1497 ex
758 1456 855 1497 causa
886 1434 1022 1516 integra,
1047 1442 1135 1496 actus
1162 1452 1209 1493 au·
1284 1499 1286 1520 Ι

254 1555 321 1605 tem
353 1543 482 1605 moralis
517 1542 617 1605 debet
651 1562 721 1603 esse
754 1542 879 1603 elicitus
915 1541 1090 1603 dictamine
1123 1548 1206 1600 rectae
1284 1541 1286 1596 !

255 1651 386 1714 rationis
414 1651 457 1711 ita
493 1650 584 1730 quod
619 1650 660 1711 sit
694 1648 871 1710 conformis
905 1648 1025 1729 agenti,
1050 1649 1136 1729 quod
1165 1653 1205 1707 est
1284 1631 1286 1724 ξ

255 1778 311 1839 per
335 1778 368 1819 se
392 1757 495 1818 sciens
518 1776 559 1817 ex
582 1774 613 1817 2.
641 1754 753 1818 Ethic.
771 1764 803 1817 et
823 1764 970 1835 respectu
987 1755 1087 1816 debiti
1102 1751 1205 1833 objecti

254 1886 297 1926 ex
317 1882 351 1942 j.
375 1872 406 1924 et
438 1882 469 1945 4.
497 1861 606 1924 Etlzz'c.
643 1872 676 1924 et
711 1882 788 1923 curn
823 1861 939 1923 debitis
974 1858 1204 1922 circumstantiis

256 1980 335 2051 puta
353 1970 492 2051 quando
527 1976 666 2050 oportet,
706 1977 738 2029 et
761 1968 843 2030 sicut
881 1976 1021 2049 oportet,
1046 1977 1078 2030 et
1110 1966 1159 2028 ubi
1178 1984 1203 2025 o
1284 1977 1286 1990 '

256 2086 379 2158 portet;
406 2076 593 2156 hujusmodi
618 2096 697 2157 ergo
720 2075 848 2136 bonitas
871 2084 963 2137 actus
996 2075 1122 2136 moralis
1149 2092 1202 2133 non

255 2181 315 2246 erit
338 2184 474 2265 praecise
497 2204 540 2244 ex
564 2182 628 2243 fine
652 2183 677 2243 si
702 2203 767 2244 non
792 2191 988 2244 concurrant
1016 2182 1087 2243 aliae
1113 2198 1201 2242 cause

256 2291 432 2372 praedictae.

324 2504 385 2566 An
409 2518 553 2567 nemun
585 2516 624 2565 m
661 2516 867 2567 opposmnu
902 2503 975 2565 dico
1011 2513 1044 2565 et
1078 2502 1203 2565 concedo

258 2611 347 2692 quod
378 2612 465 2673 bona
492 2610 629 2672 intentio
665 2609 742 2672 facit
776 2609 901 2672 bonum
937 2630 1022 2691 opus
1057 2611 1082 2671 si
1115 2609 1203 2671 adsint
1284 2611 1286 2614 ’

258 2718 367 2779 omnia
392 2718 554 2798 requisita.
932 2800 936 2805 .

324 2825 382 2886 Ad
401 2826 576 2886 secundum
600 2844 666 2886 non
690 2832 739 2885 est
762 2823 864 2885 simile
887 2824 929 2885 de
955 2832 1031 2885 actu
1048 2823 1202 2885 voluntatis

258 2941 290 2993 et
314 2930 492 2993 intellectus
516 2931 702 3011 simpliciter
726 2930 802 3011 quia
818 2930 998 2992 intellectus
1014 2940 1063 2993 est
1079 2929 1201 3011 potentia

258 3038 412 3100 naturalis
436 3058 500 3100 non
525 3038 623 3099 libera
648 3058 706 3118 per
729 3037 912 3109 essentiam,
936 3037 1089 3099 voluntas
1110 3046 1199 3099 autem

258 3153 307 3206 est
330 3144 428 3205 libera
452 3166 508 3226 per
532 3144 704 3206 essentiam
729 3153 761 3205 et
784 3143 857 3205 ideo
881 3144 954 3224 plus
977 3144 1150 3225 requiritur.

695 3371 795 3726 t
