2634 4267
283 275 342 320 120
537 258 611 320 Lm.
637 259 667 320 11
692 258 987 321 Snnrenrmnon

1005 375 1210 382 ...—--——

254 461 395 525 veniens.
421 462 508 545 Quia
529 463 555 523 si
579 463 638 524 iste
662 463 782 544 gradus
797 464 838 526 sit
862 463 1006 538 materia,
1031 472 1127 524 erunt
1142 462 1208 523 duae

253 569 408 642 materiae,
432 569 457 630 si
481 567 595 642 forma,
619 578 715 630 erunt
745 569 853 650 plures
877 569 1002 643 formae,
1035 570 1060 631 si
1085 589 1210 649 compo-

252 675 362 748 situm,
379 684 474 737 erunt
497 675 589 756 plura
613 676 810 756 composita;
829 676 900 738 haec
924 677 1035 738 omnia
1051 684 1145 737 erunt
1159 675 1209 735 ab·
1277 739 1278 744 1

210 850 214 858 ,
252 783 367 857 surda3
392 803 471 863 ergo
488 782 611 843 nullum
630 781 766 844 istorum
790 792 848 857 est,
873 783 917 844 sic
941 782 1019 844 nihil
1043 791 1102 846 est.

320 889 378 950 Ad
393 889 540 968 primum
564 888 710 950 concedo
726 889 816 969 quod
841 889 946 950 unitas
971 889 1062 950 realis
1086 909 1151 950 non
1168 895 1211 947 est
1277 945 1278 948 ,

252 994 389 1075 alicujus
411 995 551 1056 entitatis
576 995 607 1055 in
631 995 760 1056 duobus
783 994 966 1068 individuis,
996 997 1053 1056 sed
1078 996 1108 1056 in
1140 1014 1209 1054 nno,

252 1137 297 1148 ·-
321 1101 464 1163 Etcum
489 1101 648 1181 objicitur,
674 1101 834 1182 quidquid
857 1110 906 1163 est
930 1102 960 1163 in
992 1102 1108 1163 eodem
1133 1099 1209 1161 indi·
1276 1151 1277 1154 ,

252 1208 353 1270 viduo
377 1229 523 1281 nomem,
556 1216 603 1269 est
626 1207 713 1270 idem
746 1228 892 1281 numero,
917 1209 1087 1289 respondeo
1116 1206 1209 1288 tripli·

253 1315 348 1376 citer:
381 1315 495 1377 Primo
526 1335 583 1396 per
613 1315 898 1395 interemptionem
930 1315 1012 1377 sicut
1046 1324 1135 1396 patet
1158 1333 1209 1394 per

254 1422 460 1484 Avicennam
488 1439 523 1504 5.
548 1421 695 1503 Metapa.
727 1443 752 1483 c.
779 1442 814 1505 9.
841 1421 986 1483 Secundo
1010 1443 1067 1503 per
1098 1422 1210 1483 instan-

253 1529 332 1589 tiam
363 1550 382 1589 a
406 1528 500 1589 simili
524 1529 585 1589 sic:
618 1528 778 1609 quidquid
801 1537 850 1589 est
881 1528 912 1589 in
945 1548 1010 1590 una
1033 1528 1138 1610 specie
1167 1532 1210 1586 est

254 1656 358 1696 unum
382 1635 504 1715 specie;
530 1634 586 1696 sed
610 1634 699 1695 color
722 1635 754 1695 in
778 1633 927 1696 albedine
950 1644 998 1696 est
1023 1656 1124 1696 unum
1146 1652 1208 1714 spe·

252 1742 316 1816 cie;
340 1763 419 1822 ergo
443 1762 508 1803 non
532 1740 631 1802 habet
654 1741 751 1802 aliam
776 1741 934 1802 unitatem
960 1741 1119 1803 minorem
1148 1738 1209 1802 nni-

254 1857 321 1909 tate
345 1846 503 1929 specifica,
521 1868 586 1909 non
611 1847 764 1928 sequitur.
796 1847 900 1909 Tertio
917 1847 970 1908 sic:
995 1847 1079 1909 sicut
1099 1866 1209 1928 corpus

254 1955 370 2016 dicitnr
386 1954 567 2016 animatum
592 1953 845 2027 denominative,
869 1953 970 2015 homo
993 1955 1080 2015 enim
1102 1954 1209 2015 dicitur

251 2062 415 2123 animatus
443 2061 549 2141 primo
576 2070 608 2122 et
631 2081 689 2142 per
717 2081 759 2134 se,
789 2060 935 2141 sicergo
963 2070 1071 2142 potest
1094 2061 1154 2122 dici
1176 2080 1208 2120 u-

252 2189 332 2230 num
357 2168 480 2229 unitate
511 2167 668 2230 numerali
692 2167 798 2248 primo
823 2176 855 2228 et
879 2187 936 2248 per
967 2187 1000 2228 se
1028 2165 1209 2229 secundario

252 2285 285 2336 et
315 2275 566 2337 denominative.
597 2273 713 2336 Primo
742 2273 833 2334 inodo
864 2282 912 2334 est
936 2271 1113 2335 differentia
1142 2293 1210 2334 con·

251 2381 383 2443 trahens
407 2401 463 2462 per
493 2401 536 2453 se,
560 2379 696 2441 secondo
726 2379 816 2440 inodo
840 2388 955 2440 natura
987 2378 1209 2461 potentionalis

253 2497 430 2550 contracta.

321 2594 379 2655 Ad
398 2592 573 2654 secmzdnm
597 2613 683 2674 nego
707 2593 975 2673 consequentiam,
1007 2594 1098 2675 quod
1128 2601 1209 2675 patet

250 2703 285 2763 in
308 2699 402 2761 simili
425 2701 466 2761 de
497 2699 681 2761 differentiis
705 2698 861 2780 specificis
889 2720 964 2781 quae
989 2709 1066 2762 sunt
1089 2701 1210 2764 alterius

251 2807 392 2879 rationis,
410 2815 441 2867 et
453 2815 563 2868 tamen
577 2806 699 2886 species
712 2807 897 2868 constitutae
915 2827 980 2868 non
998 2816 1075 2869 sunt
1088 2807 1208 2870 alterius

250 2913 384 2975 rationis
407 2913 439 2974 in
464 2933 590 2994 genere.
622 2914 652 2974 T
648 2935 669 2973 o
687 2913 806 2993 probas
830 2913 919 2994 quod
945 2933 1012 2974 non
1041 2923 1090 2976 est
1115 2913 1209 2994 major
1281 2943 1285 2986 1

250 3019 415 3082 distinctio
439 3019 471 3081 in
496 3019 659 3100 principiis
683 3039 783 3100 quam
800 3019 832 3081 in
858 3019 1073 3101 principiatis;
1098 3021 1211 3084 dicitnr

249 3127 343 3209 qnod
366 3127 474 3208 aliqua
508 3147 577 3187 esse
608 3125 775 3206 aeqnaliter
807 3127 958 3188 distincta
990 3136 1100 3208 potest
1130 3126 1210 3189 intel-

250 3233 306 3315 ligi
331 3233 510 3314 dupliciter,
540 3232 589 3293 vel
624 3232 702 3314 quia
737 3232 904 3312 aequaliter
934 3231 1207 3314 incompossibilia,

250 3340 302 3402 vel
326 3340 402 3420 quia
419 3339 585 3420 aequaliter
601 3340 633 3401 in
650 3339 740 3400 nullo
761 3339 969 3401 conveniunt.
989 3340 1103 3432 'Primo
1120 3341 1209 3403 modo

248 3447 440 3509 conceditur
464 3447 651 3528 propositio
677 3447 733 3509 sed
764 3467 829 3508 non
859 3455 907 3508 est
930 3447 971 3508 ad
996 3450 1209 3529 propositum;

250 3553 396 3615 secundo
420 3553 519 3614 modo
544 3562 690 3634 negatur,
715 3553 798 3614 sicut
830 3562 920 3635 patet
952 3574 1008 3635 per
1032 3555 1210 3619 instantiam

248 3659 414 3739 adjectam
439 3659 479 3720 de
503 3658 688 3720 differentiis
711 3658 876 3740 specificis.
