2634 4267
296 294 360 359 390
554 280 628 345 Lm.
653 282 684 343 ΙΙ
708 280 1004 345 Sournumnrrurr

268 504 395 565 semper
419 485 475 546 sed
498 485 683 566 aliquand0,
709 495 788 567 puta
815 487 951 568 quando
979 487 1209 549 recordabuntur

269 592 359 673 quod
383 592 559 653 amiserunt
586 601 716 654 tantum
739 593 875 655 bonum.

337 698 405 759 Alii
429 718 552 771 omnes
577 698 697 779 quibus
717 700 825 781 magis
855 701 1007 774 assentio,
1042 700 1210 783 generaliter

269 804 381 865 dicunt
404 805 493 885 quod
518 805 664 866 damnati
688 806 794 867 solum
830 827 889 887 pro
914 817 1050 887 peccato
1082 807 1208 888 originali

271 911 392 972 nullam
417 910 585 973 habebunt
607 932 743 992 poenam
767 933 828 975 nec
852 914 1048 997 exteriorem
1071 935 1124 976 nec
1144 914 1209 975 inte·

270 1017 396 1089 riorem,
421 1026 501 1099 puta
524 1018 697 1081 tristitiam.

336 1120 435 1203 Quod
459 1133 568 1186 autem
594 1144 659 1186 non
684 1125 852 1187 habebunt
877 1146 1013 1207 petuam
1044 1147 1145 1188 sensus
1163 1146 1210 1187 ex-

268 1231 375 1303 terius,
400 1230 566 1311 probatur,
591 1231 668 1313 quia
691 1232 814 1293 nullam
836 1232 1083 1295 delectationem
1103 1232 1210 1294 deordi-

268 1347 378 1399 natam
404 1336 598 1410 habuerunt,
623 1339 675 1400 cui
706 1339 911 1400 delectationi
943 1340 1161 1421 correspondet
1180 1359 1207 1397 a·

268 1445 405 1506 cerbitas
429 1464 538 1524 poenae
562 1464 674 1505 sensus
697 1446 875 1506 exterioris.

337 1551 437 1632 Quod
460 1560 569 1612 autem
595 1572 661 1613 non
686 1550 827 1613 habeant
861 1573 997 1633 poenam
1034 1553 1204 1621 interiorem,

269 1666 349 1739 puta
372 1657 544 1732 tristitiam,
580 1658 746 1739 probatur,
771 1659 848 1739 quia
882 1658 1011 1721 tristitia
1035 1670 1082 1722 est
1114 1661 1150 1722 de
1169 1657 1209 1717 his

269 1786 343 1846 quae
361 1764 512 1827 accidunt
536 1764 629 1826 nobis
645 1764 762 1837 invitis,
780 1785 836 1846 per
853 1765 1083 1847 Augustinum
1098 1768 1133 1828 de
1150 1762 1207 1828 civ.

269 1872 358 1944 Dei,·
383 1871 439 1932 sed
463 1871 512 1932 isti
537 1892 602 1933 non
627 1872 725 1933 invite
749 1872 799 1933 vel
822 1872 1040 1935 involuntarie
1062 1873 1208 1942 sustinent,

270 1978 346 2059 quia
369 1987 447 2039 tunc
472 1986 712 2039 murmurarent
734 1987 849 2040 contra
884 1978 1127 2060 dispositionem
1148 1977 1210 2039 diri·
1275 2011 1277 2058 l

271 2106 346 2147 nam
371 2094 403 2147 et
428 2084 549 2147 nollent
572 2085 775 2146 voluntatem
808 2106 901 2146 suam
925 2105 994 2147 esse
1029 2085 1208 2148 conformem

269 2191 429 2253 voluntati
453 2190 583 2253 divinae.
759 2250 774 2278 x
839 2226 844 2233 ·

337 2297 405 2360 Sed
424 2308 471 2359 est
492 2297 638 2369 dubium,
668 2318 744 2359 cum
769 2298 820 2360 isti
856 2297 1001 2362 habeant
1034 2300 1066 2361 in
1096 2316 1209 2361 resurre-

270 2405 377 2467 ctione
400 2403 597 2465 intellectum
626 2404 856 2485 perspicacem,
893 2414 1049 2486 poterunt
1082 2405 1208 2467 distincte

270 2531 466 2593 cognoscere
490 2510 599 2572 Deum
623 2521 655 2571 et
679 2510 863 2579 felicitatem
900 2513 1106 2586 Sanctorum,
1128 2521 1155 2573 et
1172 2510 1205 2589 ip

271 2640 339 2680 sam
364 2627 516 2699 appetere
540 2627 571 2678 et
595 2618 712 2679 tristari
735 2639 812 2679 cum
837 2639 903 2681 uon
927 2617 1069 2681 habeant
1090 2639 1205 2681 eam.-

269 2724 491 2805 Respondetur
520 2724 610 2804 quod
634 2725 686 2785 illa
721 2725 866 2806 cognitio
901 2734 1040 2787 nonest
1072 2722 1206 2807 possibilis

271 2832 328 2893 nisi
353 2830 636 2912 supernaturaliter
660 2832 813 2893 elevetur.

341 2937 437 3013 Quod
455 2937 487 2999 si
508 2937 638 3017 orrrrzz'no
661 2939 841 3012 contendas,
866 2940 957 3019 quod
984 2948 1118 3020 possunt
1137 2937 1203 2998 illam
1275 2939 1277 2950 '

271 3046 490 3127 cognitionem
515 3043 643 3117 habere,
660 3043 731 3105 dt’co
754 3044 845 3125 quod
861 3065 927 3107 non
943 3047 1202 3110 contristabuntur,

270 3162 341 3214 tum
366 3151 441 3232 quia
466 3172 531 3212 non
555 3151 687 3212 advenit
710 3151 755 3212 eis
779 3151 895 3225 invitis,
920 3161 992 3214 tum
1018 3154 1093 3234 quia
1114 3151 1202 3212 volunt
1275 3179 1277 3204 ;

270 3258 472 3319 voluntatem
497 3278 589 3319 suam
606 3278 675 3319 esse
699 3257 900 3319 conformem
918 3259 1078 3322 voluntati
1099 3256 1200 3319 divina.
1275 3315 1277 3332 ,

343 3362 438 3437 Quod
457 3364 489 3425 si
510 3384 638 3444 qucaras
661 3364 816 3426 ulterius:
841 3364 897 3425 ubi
920 3374 1017 3427 erunt
1039 3373 1110 3446 post
1127 3380 1202 3423 resur·
1275 3353 1277 3364 '

271 3469 473 3531 rectionem?
497 3470 633 3531 Dicitur
654 3471 744 3550 quod
768 3470 817 3531 vel
842 3470 874 3531 in
899 3471 1025 3533 mundo
1048 3472 1106 3533 isto
1126 3484 1200 3549 quem
1275 3521 1277 3528 .

272 3578 363 3637 Deus
386 3576 476 3637 dabit
499 3577 543 3637 eis
567 3597 626 3657 pro
651 3577 733 3649 1000,
758 3585 790 3638 et
812 3577 938 3638 vadunt
962 3576 1038 3639 hinc
1061 3578 1129 3639 inde
1142 3593 1200 3657 gau·

272 3680 379 3739 dendo
403 3688 435 3739 et
459 3682 638 3760 spatiando
663 3683 714 3744 vel
742 3683 774 3743 in
798 3683 909 3750 limbo.
935 3684 1097 3747 Neutrum
1115 3691 1199 3743 tamen
