2634 4267
376 882 699 992 Distinctio
738 884 859 992 XL.

335 1150 436 1228 Post
468 1152 561 1229 haeo
593 1154 643 1229 de
676 1154 882 1232 artibus...

232 1272 327 1338 Circa
351 1276 448 1337 istam
472 1277 724 1339 Dz'stz'aclianem
747 1296 798 1366 40Ι
814 1278 976 1359 quaeritur
985 1302 997 1339 .·

494 1436 671 1518 QUAEsmo
696 1438 720 1503 Ι.

303 1594 410 1671 Utrum
430 1594 520 1649 omms
538 1597 620 1649 uatus
638 1595 677 1651 sn
694 1596 785 1650 bonus
803 1610 840 1651 ex
858 1596 925 1651 fine.

191 1740 331 1803 Videtur
354 1741 444 1822 quod
467 1742 518 1803 sic.
535 1763 592 1824 per
616 1740 843 1823 Augustinum
871 1762 967 1822 super
993 1741 1085 1803 Psal.

114 1866 175 1929 31.
202 1846 296 1929 Opus
320 1849 444 1910 bonum
467 1849 603 1911 intentio
620 1848 712 1923 facit3
729 1849 785 1910 sed
801 1848 936 1910 intentio
960 1848 1087 1930 respicit

120 1953 242 2029 finem;
266 1974 355 2037 ergo
987 2035 991 2042 .

193 2078 222 2125 2.
247 2062 416 2137 Praeterea,
441 2061 523 2124 sicut
553 2062 748 2143 principium
772 2061 804 2123 in
828 2062 1085 2142 speculabilibus,

120 2170 168 2231 sic
192 2168 264 2230 finis
288 2168 320 2229 in
343 2168 525 2251 agibilibus,
549 2189 592 2230 ex
604 2168 634 2231 6.
660 2167 770 2231 Emis.
783 2177 816 2229 et
827 2187 857 2230 2.
871 2168 971 2248 Plzys.
985 2170 1042 2230 sed
1055 2169 1087 2230 in

121 2275 373 2357 speculabilibus
395 2283 487 2337 actus
521 2275 700 2337 intellectus
734 2285 782 2337 est
816 2296 911 2337 verus
933 2296 976 2336 ex
999 2275 1088 2358 prin·

122 2381 231 2465 cipiis;
255 2402 334 2464 ergo
357 2382 389 2444 in
413 2381 585 2463 agibilibus
604 2390 696 2445 actus
712 2382 887 2444 voluntatis
910 2391 958 2443 est
981 2382 1087 2443 bonus

121 2510 166 2552 ex
190 2488 264 2552 fine.

195 2594 324 2659 Contra.
351 2595 437 2676 Quia
460 2596 504 2657 sic
528 2596 634 2658 omnis
656 2604 749 2657 actus
768 2595 938 2657 intendens
960 2595 1086 2657 bonum

123 2704 222 2765 finem
246 2713 329 2765 esset
360 2704 475 2777 bonuS,
511 2702 604 2783 cujus
638 2702 836 2784 contrarium
860 2702 938 2763 dicit
972 2701 1087 2783 Augu-

124 2811 225 2873 stinus
247 2811 279 2873 in
303 2810 374 2873 Lib.
399 2820 509 2871 cantra
532 2809 748 2872 mendacium.

190 2920 425 2981 RESPONDEO.
449 2916 558 2979 Actus
581 2925 743 3005 quantum
759 2916 801 2977 ad
822 2935 964 2996 praesens
988 2914 1086 2977 habet

125 3024 286 3106 duplicem
303 3024 494 3096 bonitatem,
510 3022 630 3085 scilicet
645 3023 831 3085 naturalem
848 3030 880 3083 et
896 3021 1062 3083 moralem.

189 3128 247 3199 De
266 3128 398 3217 prima
421 3126 584 3197 bonitate
607 3130 680 3191 dico
703 3129 793 3210 quod
816 3137 909 3190 actus
939 3148 1004 3189 non
1037 3136 1086 3189 est

127 3239 256 3320 praecise
280 3237 385 3299 bonus
408 3256 451 3298 ex
475 3235 547 3297 fine.
572 3236 733 3298 Probatur
766 3235 843 3316 quia
877 3233 1002 3296 bonum
1037 3241 1086 3296 est

127 3345 213 3427 quod
247 3352 375 3406 constat
409 3363 452 3405 cx
491 3364 588 3405 causa
627 3343 753 3423 integra
790 3363 847 3423 per
886 3339 1084 3420 Dionysium
1147 3354 1150 3359 ·

128 3453 175 3514 Da
197 3452 326 3513 dim'm's
349 3450 536 3511 umm'm'bas
559 3460 626 3529 cap.
650 3467 684 3531 4.
697 3450 784 3510 unde
795 3449 878 3510 sicut
889 3447 930 3509 ad
944 3446 1083 3528 pulchri-

128 3559 269 3621 tudinem
311 3558 516 3639 corporalem
561 3555 766 3637 requiruntur
800 3554 909 3618 omnia
937 3553 1086 3615 membra

129 3664 268 3747 pulchra,
307 3667 350 3727 ad
388 3663 622 3744 turpitudinem
658 3662 775 3724 sufficit
813 3660 951 3744 privatio
990 3659 1085 3721 unius

978 3789 1005 3831 ‘n
