2634 4267
299 269 487 330 Drsrnrcr.
513 267 558 329 III
583 264 729 347 Quasi.
754 267 787 328 V
970 279 1029 348 157

97 480 180 550 patet
203 473 236 534 in
259 482 371 554 quast.
396 472 435 534 de
458 472 731 534 individuatione.

152 579 214 641 Ad
232 579 409 641 secundum
434 578 506 641 dico
530 579 619 659 quod
643 599 709 641 non
732 587 781 640 est
801 577 1057 660 imperfectionis

91 703 284 766 cognoscere
306 685 479 768 singulare,
503 685 579 766 quia
603 685 666 746 hoc
690 686 847 766 competit
874 685 1051 752 intellectui

90 790 206 866 divino,
229 792 381 873 quamvis
398 791 460 854 hoc
484 801 581 872 neget
604 791 656 853 ille
677 792 866 854 maledictus
882 792 1049 866 Averroi5‚

90 915 145 958 nec
167 919 211 960 ex
235 898 297 960 hoc
321 899 468 980 arguitur
492 899 601 979 aliqua
617 897 766 960 limitatio
777 899 831 972 ‚vel
859 898 1055 962 determina«

89 1001 132 1063 tio
154 1003 188 1066 in
210 1005 374 1067 intellectu
400 1005 548 1086 angelico
571 1005 654 1066 sicut
677 1024 737 1066 nec
754 1004 785 1066 in
802 1004 964 1068 intellectu
1000 1006 1054 1068 di«

93 1108 178 1174 vino,
1087 1109 1092 1118 ’

153 1219 210 1280 Ad
229 1219 361 1281 tertium
386 1218 461 1280 dico
477 1219 567 1299 quod
579 1218 711 1281 scientia
726 1228 774 1282 est
790 1229 936 1300 respectu
954 1220 1045 1300 quid-

91 1320 225 1386 ditatum
248 1346 304 1405 per
328 1345 372 1386 se.
398 1325 606 1392 Individuum
631 1335 757 1399 autem,
793 1326 842 1387 vel
873 1326 1051 1408 singulare*

92 1436 126 1489 ut
148 1431 330 1511 praescindit
361 1452 381 1493 a
416 1431 538 1494 ratione
571 1432 786 1513 quidditativa
820 1441 852 1494 et
886 1433 1050 1514 specifica*
1099 1411 1105 1422 ⁸

92 1553 155 1596 non
177 1536 250 1599 dicit
273 1537 491 1618 quidditatem
515 1559 556 1599 ex
578 1549 688 1619 quast.
713 1538 751 1600 de
764 1538 1045 1615 z'ndir·iduati0ne,·

92 1659 178 1723 ergo.

154 1748 209 1810 Ad
226 1760 381 1831 quartum
394 1749 467 1811 dico
480 1751 569 1830 quod
588 1760 637 1813 est
656 1752 874 1832 aequivocatio
887 1751 928 1813 de
934 1753 1051 1833 primo

89 1861 120 1913 et
136 1864 195 1935 per
213 1877 253 1930 se,
279 1865 315 1918 ut
340 1857 520 1918 declaratur
555 1857 626 1919 Lib.
662 1859 689 1919 I.
728 1869 838 1939 quoest.
867 1860 906 1921 de
933 1861 1050 1940 primo

89 1958 195 2040 objecto
225 1963 415 2034 intellectus,
451 1963 507 2025 ubi
539 1963 677 2025 habetur
715 1964 801 2026 istud
837 1967 1042 2046 principium,

89 2068 172 2145 quod
194 2069 354 2151 quidquid
379 2069 516 2132 includit
529 2071 687 2133 rationem
701 2071 894 2151 objectalem
908 2073 1048 2153 alicujus

88 2175 231 2250 potentiae
254 2185 304 2238 est
322 2177 484 2239 motivum
501 2177 583 2239 illius
604 2178 771 2258 potentiae.
798 2178 863 2241 Sed
879 2179 1045 2261 singulare

87 2276 212 2344 includit
234 2283 394 2345 rationem
419 2282 612 2363 objectalem
636 2284 816 2346 intellectus
834 2287 944 2359 creati,
964 2287 1042 2367 quia

87 2383 211 2450 includit
234 2389 395 2452 rationem
419 2390 511 2464 entis;
535 2411 624 2472 ergo

146 2495 201 2556 Ad
219 2496 373 2577 quintum
397 2496 574 2559 dicendum
597 2498 687 2578 q'uod
711 2519 775 2560 non
805 2507 853 2560 est
887 2499 1042 2561 inconve=

88 2598 168 2662 niens
190 2603 283 2683 plura
306 2602 485 2665 accidentia
508 2603 653 2683 ejusdem
678 2605 793 2686 speciei
817 2625 885 2666 esse
920 2607 951 2667 in
988 2627 1037 2668 eo-

86 2704 153 2768 dem
174 2709 332 2790 subjecto,
358 2710 491 2789 quando
514 2710 575 2771 ista
605 2720 681 2772 sunt
715 2722 861 2793 respectu
900 2712 1044 2775 diverso.

86 2832 150 2874 rum
165 2836 239 2896 quae
264 2815 438 2877 includunt
460 2817 600 2879 rationes
623 2817 729 2898 primo
752 2819 862 2899 seipsis
885 2820 1035 2886 diversas.

86 2915 244 3002 Singulare
268 2930 393 2995 autern,
418 2931 454 2995 ut
477 2932 569 3004 patet
591 2944 634 2985 ex
657 2925 837 3005 quaestione
862 2927 903 2987 de
926 2927 1039 2989 indivi-

84 3024 235 3102 duatione,
260 3028 399 3091 includit
422 3029 570 3103 rationeS,
596 3030 677 3093 idest
693 3032 813 3112 gradus
826 3034 875 3094 vel
897 3034 1043 3099 rationes

83 3128 286 3197 individuales
310 3135 418 3216 primo
441 3136 551 3216 seipsis
568 3137 717 3199 diversas.

140 3235 209 3306 Est
228 3258 322 3328 ergo
344 3238 424 3308 alra
439 3241 569 3327 opimo
593 3243 746 3306 Richardi
772 3245 826 3307 lib.
853 3262 881 3306 2.
903 3246 978 3309 dist.
999 3266 1036 3325 5.

84 3344 131 3423 qui
152 3347 227 3410 dicit
250 3348 342 3428 quod
366 3348 476 3409 omnia
499 3349 751 3431 incorruptibilia
780 3349 960 3432 cognoscit
978 3375 1036 3414 an«

84 3450 164 3529 gelus
186 3475 243 3534 per
278 3453 401 3534 species
435 3455 569 3530 innata5‚
606 3458 826 3539 corruptibilia
861 3481 937 3521 vero
977 3481 1040 3542 per·

85 3559 194 3635 species
217 3568 373 3640 receptaS,
397 3561 488 3640 quod
511 3563 668 3642 probatur

145 3665 257 3728 Primo
280 3666 335 3728 sic:
367 3666 444 3747 quia
466 3667 491 3728 si
515 3669 648 3749 angelus
680 3683 889 3752 cognosceret
923 3674 1036 3739 omnia
