2634 4267
210 254 253 299 20
468 236 542 298 Lm.
568 236 597 297 11
622 234 917 299 snurrmrlnmr

188 442 261 507 licet
284 440 385 524 possit
409 440 527 503 habere
561 440 702 522 aliquem
741 439 892 502 effectum
932 440 1153 504 necessarium

188 548 362 613 secundum
385 548 469 629 quid
504 547 586 609 sicut
624 547 783 628 probatur
806 547 877 609 Lib.
916 548 1061 612 secundo,
1085 549 1152 611 Vel

189 656 279 720 aliter
302 663 335 717 et
359 654 481 727 melius,
506 653 595 734 quod
619 653 726 735 major
747 662 796 715 est
829 674 906 715 vera
943 655 1078 735 quando
1100 664 1154 717 est

190 761 383 847 possibilitas
406 782 449 822 ex
472 770 564 842 parte
587 758 750 836 factibilis;
776 781 862 822 nunc
886 770 996 822 autem
1020 761 1074 823 illa
1105 783 1155 824 re-

191 868 371 951 pugnantia
394 876 507 929 estex
531 875 622 948 parte
645 864 792 928 factibilis
815 867 866 927 cui
883 878 1044 949 repugnat
1060 878 1154 931 aeter-

192 976 284 1039 nitas,
309 974 367 1037 Ad
404 972 691 1055 confirmationem,
725 993 801 1033 cum
842 973 967 1048 dicitur,
1007 975 1157 1037 diversus

194 1083 311 1145 modus
335 1080 488 1143 causandi
527 1100 592 1141 non
616 1079 718 1141 variat
756 1090 930 1165 causatum¹
964 1079 1153 1156 formaliter,

192 1188 323 1251 concedo
346 1187 479 1269 quando
502 1186 545 1247 illi
568 1185 686 1246 diversi
712 1186 801 1247 modi
825 1187 977 1248 causandi
1018 1198 1159 1269 possunt

195 1294 297 1357 inesse
320 1313 437 1355 causae.
463 1291 527 1355 Sed
554 1292 628 1353 dico
652 1292 742 1372 quod
765 1291 874 1355 minor
895 1303 943 1356 est
966 1293 1055 1369 falsa,
1079 1295 1160 1377 quia

195 1400 368 1483 productio
392 1398 570 1460 necessaria
593 1398 634 1459 ad
650 1409 744 1460 extra
759 1408 808 1462 est
819 1399 1025 1481 impossibilis
1041 1401 1160 1482 primae

196 1528 312 1571 causae.

263 1614 321 1676 Ad
342 1612 473 1676 tertium
497 1632 583 1693 nego
607 1613 763 1675 minorem
772 1637 788 1687 ,·
813 1614 886 1675 licet
909 1614 997 1675 enim
1028 1614 1162 1677 duratio

197 1718 287 1783 finita
311 1741 376 1782 non
405 1730 565 1802 repugnet
601 1720 784 1782 limitationi
822 1730 989 1794 creaturae,
1029 1722 1162 1783 duratio

197 1836 307 1890 tamen
332 1825 456 1889 infinita
480 1836 641 1909 repugnat
664 1836 800 1909 propter
816 1828 1066 1889 illimitationem
1095 1849 1164 1909 qua

199 1935 392 2015 adaequatur
421 1934 504 1995 Deo,

267 2040 325 2102 Ad
345 2040 498 2101 ultimum
522 2040 596 2101 dico
619 2040 709 2121 quod
733 2040 814 2102 sicut
838 2049 994 2102 creaturae
1007 2061 1072 2103 non
1091 2062 1163 2123 pos-

201 2155 276 2209 sunt
300 2146 466 2208 actualiter
490 2146 676 2224 tenderem
701 2167 766 2208 non
790 2141 868 2227 esse,
892 2156 925 2209 et
947 2156 1058 2209 tamen
1080 2169 1167 2210 sem-

202 2272 259 2335 per
283 2252 350 2314 fore
373 2253 418 2313 ita
441 2273 506 2314 non
531 2262 668 2332 possunt
690 2254 856 2315 actualiter
880 2253 976 2315 fuisse
1000 2263 1073 2335 post
1097 2276 1165 2317 non

203 2378 271 2421 esse
294 2368 326 2421 et
349 2368 459 2422 tamen
483 2379 610 2440 semper
634 2359 730 2422 fuisse
754 2360 786 2422 in
809 2381 887 2422 esse.
911 2399 955 2406 -
980 2347 1086 2423 Aliter
1108 2383 1168 2444 po-

203 2474 266 2528 test
288 2466 350 2527 dici
374 2475 406 2527 et
430 2466 553 2540 meliu5‚
588 2467 678 2547 quod
702 2477 933 2549 argumentum
959 2487 1024 2529 non
1064 2471 1160 2543 valet,

204 2573 281 2653 quia
304 2573 365 2633 alia
388 2581 436 2635 est
459 2573 661 2654 comparatio
684 2573 816 2635 effectus
839 2574 881 2635 ad
904 2595 998 2635 suam
1030 2595 1165 2637 causam

205 2676 400 2760 inquantum
424 2689 559 2753 creatur,
583 2688 616 2741 et
638 2680 701 2742 alia
721 2663 915 2761 inquantum
939 2691 1168 2762 conservatur;

206 2786 313 2867 primo
337 2786 437 2848 modo
462 2806 526 2847 non
551 2806 619 2847 esse
643 2787 820 2848 necessario
844 2788 999 2867 praecedit
1015 2808 1093 2862 esse,
1123 2809 1169 2850 se-

207 2893 315 2954 cundo
341 2893 440 2954 modo
464 2913 539 2954 non.

275 3105 403 3170 Nune
427 3110 596 3188 oportet
615 3106 758 3172 videre
781 3108 833 3171 de
855 3112 1015 3190 quarto
1049 3107 1168 3173 Arte·-

210 3210 321 3293 oulo‚
345 3212 464 3274 scilicet
488 3212 513 3275 si
537 3222 642 3275 stante
677 3214 730 3275 illo
770 3215 904 3288 mundo,
930 3215 1020 3275 Deus
1059 3225 1170 3296 posset

211 3319 390 3400 producere
428 3320 527 3381 alium
567 3321 746 3397 mundum;
775 3330 808 3383 et
847 3320 918 3383 haec
956 3331 1004 3383 est
1041 3320 1172 3406 opinio

215 3420 366 3491 Thomae
383 3436 418 3506 p.
436 3445 466 3488 Ι.
490 3448 520 3508 q.
537 3445 591 3510 47.
612 3449 642 3487 a.
652 3445 686 3505 j.
700 3428 789 3507 quod
803 3427 867 3489 hoc
878 3427 944 3489 non
957 3438 1005 3489 est
1021 3427 1170 3491 factibile.

213 3531 270 3594 Ad
296 3531 358 3594 hoc
383 3542 458 3595 sunt
481 3533 551 3595 istae
568 3533 728 3595 rationes:
747 3533 890 3615 Quando
907 3535 1028 3615 aliquid
1045 3545 1172 3598 constat

213 3637 254 3699 de
277 3646 346 3699 tota
369 3624 427 3700 sua
451 3639 593 3713 materia,
618 3639 816 3721 impossibile
838 3649 886 3702 est
910 3642 988 3703 illud
1019 3643 1172 3726 multipli-
