2634 4267
268 272 332 336 330
532 250 612 321 Lru.
637 256 667 318 ΙΙ
692 255 986 319 Suuruurrrnuru

242 463 281 526 de
302 462 442 525 videndo
472 462 579 524 Deum
604 461 645 523 de
669 461 787 541 Moyse
816 470 849 523 et
873 458 988 525 Paulo
1024 462 1099 523 Item
1120 460 1181 522 Au-

242 568 392 651 gustinus
425 569 468 631 ad
491 568 664 631 Paulinum
695 568 734 630 de
758 567 897 630 videndo
932 568 1059 629 Deum:
1092 575 1181 648 potest

242 675 387 738 humana
411 694 502 738 mens
525 674 679 737 divinitus
703 674 772 757 rapi
796 694 839 736 ex
863 673 925 736 hac
948 675 1016 736 vita
1038 674 1078 735 ad
1098 694 1180 755 ange-

241 783 335 845 licam
352 783 453 845 vitam
476 791 653 863 antequam
678 802 734 863 per
751 781 838 842 illam
863 789 1004 843 mortem
1029 781 1181 843 carnesol-

241 898 353 963 vatur;
388 888 433 952 sic
456 898 569 970 raptus
599 897 648 950 est
672 889 791 950 Paulus
824 888 959 971 quaudo
994 888 1111 951 audivit
1130 887 1183 947 illic

241 1016 358 1058 arcana
381 996 489 1058 verba.

307 1102 366 1164 Ad
382 1103 531 1183 primum
565 1102 695 1164 alterius
729 1102 899 1183 opinionis
925 1121 1013 1184 nego
1047 1102 1184 1163 minorem

241 1209 499 1291 prosyllogismi;
523 1208 699 1270 nonenim
724 1217 806 1271 esset
836 1208 1027 1273 intermino
1054 1206 1185 1289 quamvis

241 1315 375 1378 haberet
397 1324 508 1378 actum
531 1315 671 1388 visioniS,
697 1324 897 1377 nontamen
930 1315 1022 1377 Deus
1056 1314 1182 1376 influeret

239 1423 415 1485 adactum
440 1421 618 1485 dilectionis
641 1422 674 1484 in
698 1443 763 1503 qua
788 1422 933 1484 maxime
959 1422 1101 1484 consistit
1121 1420 1182 1481 bea-

240 1530 356 1591 titudo,

305 1635 364 1697 Ad
382 1634 566 1708 secundum,
591 1634 696 1715 major
719 1643 768 1696 est
791 1634 870 1696 falsa
893 1635 918 1697 si
951 1634 1131 1717 intelligitur
1150 1632 1185 1692 de
1287 1712 1288 1727 3

238 1742 386 1804 intuitiva
420 1761 618 1824 quocunque
649 1742 751 1804 modo
785 1750 926 1824 sumpta,
963 1743 1041 1823 quia
1073 1760 1138 1822 spes
1157 1748 1183 1799 et
1287 1734 1288 1753 ¹

239 1849 340 1911 tentio
363 1857 548 1930 repugnant
570 1848 767 1929 simpliciter.
799 1849 932 1911 intuitio
961 1858 1071 1911 autem
1093 1845 1183 1908 invia

239 1977 304 2018 non
328 1964 490 2037 repugnat
513 1955 571 2016 nisi
595 1955 638 2017 ibi
674 1956 713 2016 sit
747 1951 860 2018 lumen
896 1956 1021 2037 gloriae,
1046 1965 1077 2017 et
1101 1954 1184 2015 etiarn

239 2062 383 2125 influxus
406 2063 448 2124 ad
471 2071 581 2124 actum
606 2062 836 2126 delectationis.
