2634 4267
259 253 323 330 348
517 253 592 316 Lus.
617 254 647 317 ΙΙ
672 222 968 321 Snusshrmnuu

300 462 362 525 Ao
385 473 530 524 rnmuu
554 473 784 536 cumcuma,
808 464 954 526 concedo
988 465 1072 545 quod
1092 484 1173 546 appe

231 569 312 632 titus
336 576 486 630 movetur
509 567 553 629 ab
575 568 742 650 appetibili
766 570 951 651 partialiter.

299 675 359 739 Ad
376 674 562 747 secundnm,
587 694 653 737 non
682 674 766 737 bene
789 676 946 759 allegatur
971 676 1173 759 Philosophus,

227 782 311 865 ‘quia
334 781 377 844 ibi
400 780 479 843 dicit
502 780 720 863 Philosophus
743 783 833 863 quod
854 784 1001 865 potentia
1022 784 1115 846 activa
1132 791 1174 845 est

231 889 483 952 transmutativa
502 897 594 951 actus
608 889 785 952 secundnm
799 890 888 971 qnod
898 890 1006 963 alind,
1033 900 1063 953 et
1082 890 1173 952 statim

231 995 382 1059 subditur
406 995 462 1057 rnl
481 995 687 1077 inquantum
704 995 809 1070 alind,
835 997 921 1058 uude
953 997 1097 1059 voluntas
1115 1016 1174 1057 ruo

233 1110 290 1163 vet
311 1122 346 1163 se
369 1101 565 1182 inquantum
587 1102 692 1165 alind.

298 1208 357 1270 Ad
378 1208 478 1271 alind
497 1229 584 1290 nego
607 1210 764 1291 majorem
788 1218 921 1291 propter
947 1210 1120 1273 instantiam
1139 1208 1174 1269 de

232 1315 447 1378 intellectione
471 1335 546 1396 quae
581 1315 684 1378 oritur
707 1336 751 1378 ex
774 1316 938 1399 principiis
972 1316 1099 1398 subjecti
1118 1315 1174 1377 sive

229 1422 421 1486 intellectus.

298 1528 357 1590 Ad
377 1528 535 1590 ultimum
559 1529 632 1590 dico
655 1530 745 1611 quod
781 1529 1046 1593 indeterminatio
1066 1528 1175 1592 est'du·

227 1636 322 1716 plex,
346 1636 465 1698 scilicet
491 1636 646 1717 potentiae
669 1636 785 1699 activae
809 1646 841 1699 et
865 1638 1021 1719 potentiae
1047 1634 1174 1719 passivae.

230 1742 524 1804 indeterminatum
547 1744 683 1806 secundo
700 1743 791 1806 modo
813 1744 856 1805 ad
883 1745 1042 1826 opposita,
1065 1748 1175 1824 oportet

227 1848 322 1929 quod
346 1869 403 1929 per
437 1849 525 1935 aliud
560 1849 801 1923 determinetur,
826 1850 911 1912 sicut
942 1843 1032 1932 patet
1063 1838 1100 1911 de
1120 1866 1175 1908 ma-

231 1954 327 2029 teria;
351 1955 407 2017 sed
432 1955 718 2018 indeterminatum
736 1957 847 2037 primo
863 1957 965 2041 modo,
988 1965 1088 2039 potest
1107 1957 1175 2037 seip·

150 2044 154 2056 ⁵
226 2082 304 2122 sum
327 2062 546 2124 determinare
568 2063 611 2125 ad
635 2083 748 2136 unum,
773 2071 806 2124 et
829 2063 892 2125 isto
917 2065 1018 2126 modo
1044 2065 1174 2126 voluntas

224 2176 278 2230 est
301 2169 558 2244 indeterminata,
583 2169 704 2232 scilicet
726 2170 840 2234 active.
