<?xml version="1.0" encoding="UTF-8"?>
<!DOCTYPE html PUBLIC "-//W3C//DTD XHTML 1.0 Transitional//EN"
    "http://www.w3.org/TR/xhtml1/DTD/xhtml1-transitional.dtd">
<html xmlns="http://www.w3.org/1999/xhtml" xml:lang="en" lang="en">
 <head>
  <title>
</title>
<meta http-equiv="Content-Type" content="text/html;charset=utf-8" />
  <meta name='ocr-system' content='tesseract 3.04.00' />
  <meta name='ocr-capabilities' content='ocr_page ocr_carea ocr_par ocr_line ocrx_word'/>
</head>
<body>
  <div class='ocr_page' id='page_1' title='image "./commentariainli00scotgoog_0035.png"; bbox 0 0 2634 4267; ppageno 0'>
   <div class='ocr_carea' id='block_1_1' title="bbox 347 287 1061 369">
    <p class='ocr_par' dir='ltr' id='par_1_1' title="bbox 347 287 1061 369">
     <span class='ocr_line' id='line_1_1' title="bbox 347 287 1061 369; baseline -0.004 -16"><span class='ocrx_word' id='word_1_1' title='bbox 347 292 535 353; x_wconf 75' lang='lat' dir='ltr'>Disrmcr.</span> <span class='ocrx_word' id='word_1_2' title='bbox 561 289 574 350; x_wconf 95' lang='grc' dir='ltr'>Ι</span> <span class='ocrx_word' id='word_1_3' title='bbox 600 287 746 369; x_wconf 69' lang='lat' dir='ltr'>Qumst.</span> <span class='ocrx_word' id='word_1_4' title='bbox 772 289 817 350; x_wconf 87' lang='grc' dir='ltr'>ΙΙΙ</span> <span class='ocrx_word' id='word_1_5' title='bbox 1023 303 1061 366; x_wconf 86' lang='lat'>23</span> 
     </span>
    </p>
   </div>
   <div class='ocr_carea' id='block_1_2' title="bbox 377 407 524 415">
    <p class='ocr_par' dir='ltr' id='par_1_2' title="bbox 377 407 524 415">
     <span class='ocr_line' id='line_1_2' title="bbox 377 407 524 415; baseline -0.007 -1"><span class='ocrx_word' id='word_1_6' title='bbox 377 407 524 415; x_wconf 74' lang='lat'>-—</span> 
     </span>
    </p>
   </div>
   <div class='ocr_carea' id='block_1_3' title="bbox 115 493 1086 684">
    <p class='ocr_par' dir='ltr' id='par_1_3' title="bbox 115 493 1086 684">
     <span class='ocr_line' id='line_1_3' title="bbox 116 493 1086 577; baseline 0.002 -22"><span class='ocrx_word' id='word_1_7' title='bbox 116 504 205 567; x_wconf 87' lang='lat' dir='ltr'>esset,</span> <span class='ocrx_word' id='word_1_8' title='bbox 231 495 343 557; x_wconf 90' lang='lat' dir='ltr'>immo</span> <span class='ocrx_word' id='word_1_9' title='bbox 367 516 425 577; x_wconf 91' lang='lat' dir='ltr'>per</span> <span class='ocrx_word' id='word_1_10' title='bbox 453 495 547 557; x_wconf 89' lang='lat' dir='ltr'>istam</span> <span class='ocrx_word' id='word_1_11' title='bbox 583 495 850 577; x_wconf 82' lang='lat' dir='ltr'>imaginationem</span> <span class='ocrx_word' id='word_1_12' title='bbox 877 493 1007 556; x_wconf 87' lang='lat' dir='ltr'>suerunt</span> <span class='ocrx_word' id='word_1_13' title='bbox 1034 495 1086 557; x_wconf 89' lang='lat' dir='ltr'>de·</span> 
     </span>
     <span class='ocr_line' id='line_1_4' title="bbox 115 599 1028 684; baseline 0.001 -23"><span class='ocrx_word' id='word_1_14' title='bbox 115 602 197 682; x_wconf 83' lang='lat' dir='ltr'><strong>cepti</strong></span> <span class='ocrx_word' id='word_1_15' title='bbox 221 599 427 683; x_wconf 88' lang='lat' dir='ltr'>philosophi,</span> <span class='ocrx_word' id='word_1_16' title='bbox 453 612 489 663; x_wconf 93' lang='lat' dir='ltr'>ut</span> <span class='ocrx_word' id='word_1_17' title='bbox 511 602 690 684; x_wconf 82' lang='lat' dir='ltr'>aliqualiter</span> <span class='ocrx_word' id='word_1_18' title='bbox 713 611 848 683; x_wconf 89' lang='lat' dir='ltr'>apparet</span> <span class='ocrx_word' id='word_1_19' title='bbox 870 621 902 684; x_wconf 80' lang='lat'>4.</span> <span class='ocrx_word' id='word_1_20' title='bbox 926 599 1028 681; x_wconf 80' lang='lat' dir='ltr'>Pltys.</span> 
     </span>
    </p>
   </div>
   <div class='ocr_carea' id='block_1_4' title="bbox 114 813 1086 2067">
    <p class='ocr_par' dir='ltr' id='par_1_4' title="bbox 114 813 1084 1215">
     <span class='ocr_line' id='line_1_5' title="bbox 177 813 1084 894; baseline 0 -19"><span class='ocrx_word' id='word_1_21' title='bbox 177 813 239 875; x_wconf 86' lang='lat' dir='ltr'>Ao</span> <span class='ocrx_word' id='word_1_22' title='bbox 278 827 519 875; x_wconf 70' lang='lat' dir='ltr'><strong>ARGUMENTA</strong></span> <span class='ocrx_word' id='word_1_23' title='bbox 555 828 805 877; x_wconf 74' lang='lat' dir='ltr'>ancrpntm,</span> <span class='ocrx_word' id='word_1_24' title='bbox 846 814 904 876; x_wconf 84' lang='lat' dir='ltr'>Ad</span> <span class='ocrx_word' id='word_1_25' title='bbox 933 815 1084 894; x_wconf 71' lang='lat' dir='ltr'>prirnmn</span> 
     </span>
     <span class='ocr_line' id='line_1_6' title="bbox 114 920 1079 1003; baseline 0.003 -24"><span class='ocrx_word' id='word_1_26' title='bbox 114 920 260 981; x_wconf 92' lang='lat' dir='ltr'>concedo</span> <span class='ocrx_word' id='word_1_27' title='bbox 285 921 382 1001; x_wconf 90' lang='lat' dir='ltr'>quod</span> <span class='ocrx_word' id='word_1_28' title='bbox 407 920 538 981; x_wconf 88' lang='lat' dir='ltr'>materia</span> <span class='ocrx_word' id='word_1_29' title='bbox 562 921 667 1001; x_wconf 92' lang='lat' dir='ltr'>prima</span> <span class='ocrx_word' id='word_1_30' title='bbox 689 930 738 983; x_wconf 89' lang='lat' dir='ltr'>est</span> <span class='ocrx_word' id='word_1_31' title='bbox 761 921 905 1003; x_wconf 87' lang='lat' dir='ltr'>ingenita</span> <span class='ocrx_word' id='word_1_32' title='bbox 927 930 960 983; x_wconf 91' lang='lat' dir='ltr'>et</span> <span class='ocrx_word' id='word_1_33' title='bbox 983 922 1079 982; x_wconf 92' lang='lat' dir='ltr'>incor-</span> 
     </span>
     <span class='ocr_line' id='line_1_7' title="bbox 114 1026 1083 1109; baseline 0.005 -25"><span class='ocrx_word' id='word_1_34' title='bbox 114 1026 285 1106; x_wconf 88' lang='lat' dir='ltr'>ruptibilis,</span> <span class='ocrx_word' id='word_1_35' title='bbox 330 1048 397 1088; x_wconf 94' lang='lat' dir='ltr'>non</span> <span class='ocrx_word' id='word_1_36' title='bbox 436 1036 545 1089; x_wconf 91' lang='lat' dir='ltr'>tamen</span> <span class='ocrx_word' id='word_1_37' title='bbox 576 1028 722 1109; x_wconf 90' lang='lat' dir='ltr'>sequitur</span> <span class='ocrx_word' id='word_1_38' title='bbox 758 1028 848 1109; x_wconf 91' lang='lat' dir='ltr'>quod</span> <span class='ocrx_word' id='word_1_39' title='bbox 883 1027 923 1089; x_wconf 90' lang='lat' dir='ltr'>sit</span> <span class='ocrx_word' id='word_1_40' title='bbox 953 1036 1083 1101; x_wconf 83' lang='lat' dir='ltr'>aeterna,</span> 
     </span>
     <span class='ocr_line' id='line_1_8' title="bbox 114 1131 721 1215; baseline 0.007 -24"><span class='ocrx_word' id='word_1_41' title='bbox 114 1131 188 1211; x_wconf 89' lang='lat' dir='ltr'>quia</span> <span class='ocrx_word' id='word_1_42' title='bbox 212 1132 319 1195; x_wconf 89' lang='lat' dir='ltr'>habet</span> <span class='ocrx_word' id='word_1_43' title='bbox 344 1154 412 1195; x_wconf 83' lang='lat' dir='ltr'>esse</span> <span class='ocrx_word' id='word_1_44' title='bbox 436 1154 491 1215; x_wconf 91' lang='lat' dir='ltr'>per</span> <span class='ocrx_word' id='word_1_45' title='bbox 515 1134 721 1196; x_wconf 82' lang='lat' dir='ltr'>creationem.</span> 
     </span>
    </p>

    <p class='ocr_par' dir='ltr' id='par_1_5' title="bbox 115 1240 1086 2067">
     <span class='ocr_line' id='line_1_9' title="bbox 178 1240 1085 1323; baseline 0.002 -24"><span class='ocrx_word' id='word_1_46' title='bbox 178 1240 238 1300; x_wconf 77' lang='lat' dir='ltr'>Ad</span> <span class='ocrx_word' id='word_1_47' title='bbox 257 1241 442 1302; x_wconf 83' lang='lat' dir='ltr'>secundum</span> <span class='ocrx_word' id='word_1_48' title='bbox 465 1241 538 1302; x_wconf 94' lang='lat' dir='ltr'>dico</span> <span class='ocrx_word' id='word_1_49' title='bbox 555 1241 666 1321; x_wconf 79' lang='lat' dir='ltr'>primo</span> <span class='ocrx_word' id='word_1_50' title='bbox 688 1241 730 1302; x_wconf 90' lang='lat' dir='ltr'>ad</span> <span class='ocrx_word' id='word_1_51' title='bbox 755 1242 910 1323; x_wconf 74' lang='lat' dir='ltr'>majorem</span> <span class='ocrx_word' id='word_1_52' title='bbox 927 1241 1017 1321; x_wconf 89' lang='lat' dir='ltr'>quod</span> <span class='ocrx_word' id='word_1_53' title='bbox 1033 1240 1085 1302; x_wconf 80' lang='lat' dir='ltr'>illa</span> 
     </span>
     <span class='ocr_line' id='line_1_10' title="bbox 115 1346 1085 1428; baseline 0.004 -24"><span class='ocrx_word' id='word_1_54' title='bbox 115 1346 298 1426; x_wconf 83' lang='lat' dir='ltr'>propositio</span> <span class='ocrx_word' id='word_1_55' title='bbox 323 1356 373 1409; x_wconf 90' lang='lat' dir='ltr'>est</span> <span class='ocrx_word' id='word_1_56' title='bbox 395 1368 472 1408; x_wconf 88' lang='lat' dir='ltr'>vera</span> <span class='ocrx_word' id='word_1_57' title='bbox 495 1347 549 1408; x_wconf 92' lang='lat' dir='ltr'>ubi</span> <span class='ocrx_word' id='word_1_58' title='bbox 566 1348 748 1428; x_wconf 92' lang='lat' dir='ltr'>producens</span> <span class='ocrx_word' id='word_1_59' title='bbox 771 1356 803 1409; x_wconf 91' lang='lat' dir='ltr'>et</span> <span class='ocrx_word' id='word_1_60' title='bbox 817 1348 1013 1428; x_wconf 91' lang='lat' dir='ltr'>productum</span> <span class='ocrx_word' id='word_1_61' title='bbox 1032 1348 1085 1408; x_wconf 91' lang='lat' dir='ltr'>ha-</span> 
     </span>
     <span class='ocr_line' id='line_1_11' title="bbox 116 1449 1082 1535; baseline 0.005 -25"><span class='ocrx_word' id='word_1_62' title='bbox 116 1449 190 1513; x_wconf 91' lang='lat' dir='ltr'>bent</span> <span class='ocrx_word' id='word_1_63' title='bbox 208 1454 386 1516; x_wconf 86' lang='lat' dir='ltr'>materiam</span> <span class='ocrx_word' id='word_1_64' title='bbox 410 1474 464 1515; x_wconf 92' lang='lat' dir='ltr'>seu</span> <span class='ocrx_word' id='word_1_65' title='bbox 481 1454 652 1515; x_wconf 84' lang='lat' dir='ltr'>essentiam</span> <span class='ocrx_word' id='word_1_66' title='bbox 670 1454 883 1535; x_wconf 84' lang='lat' dir='ltr'>unigenitam.</span> <span class='ocrx_word' id='word_1_67' title='bbox 902 1454 966 1516; x_wconf 88' lang='lat' dir='ltr'>Sed</span> <span class='ocrx_word' id='word_1_68' title='bbox 991 1456 1082 1515; x_wconf 88' lang='lat' dir='ltr'>Deus</span> 
     </span>
     <span class='ocr_line' id='line_1_12' title="bbox 115 1558 1085 1641; baseline 0.004 -24"><span class='ocrx_word' id='word_1_69' title='bbox 115 1566 146 1617; x_wconf 92' lang='lat' dir='ltr'>et</span> <span class='ocrx_word' id='word_1_70' title='bbox 157 1568 310 1622; x_wconf 87' lang='lat' dir='ltr'>creatura</span> <span class='ocrx_word' id='word_1_71' title='bbox 321 1580 388 1621; x_wconf 92' lang='lat' dir='ltr'>non</span> <span class='ocrx_word' id='word_1_72' title='bbox 401 1558 521 1622; x_wconf 90' lang='lat' dir='ltr'>habent</span> <span class='ocrx_word' id='word_1_73' title='bbox 533 1560 704 1623; x_wconf 84' lang='lat' dir='ltr'>essentiam</span> <span class='ocrx_word' id='word_1_74' title='bbox 715 1560 927 1641; x_wconf 82' lang='lat' dir='ltr'>unigenitam.</span> <span class='ocrx_word' id='word_1_75' title='bbox 940 1560 1085 1622; x_wconf 82' lang='lat' dir='ltr'>Secundo</span> 
     </span>
     <span class='ocr_line' id='line_1_13' title="bbox 116 1663 1086 1748; baseline 0.005 -26"><span class='ocrx_word' id='word_1_76' title='bbox 116 1663 186 1724; x_wconf 90' lang='lat' dir='ltr'>dico</span> <span class='ocrx_word' id='word_1_77' title='bbox 210 1668 254 1727; x_wconf 92' lang='lat' dir='ltr'>ad</span> <span class='ocrx_word' id='word_1_78' title='bbox 281 1668 442 1728; x_wconf 82' lang='lat' dir='ltr'>minorem</span> <span class='ocrx_word' id='word_1_79' title='bbox 466 1667 555 1747; x_wconf 93' lang='lat' dir='ltr'>quod</span> <span class='ocrx_word' id='word_1_80' title='bbox 580 1666 650 1748; x_wconf 89' lang='lat' dir='ltr'>ipsa</span> <span class='ocrx_word' id='word_1_81' title='bbox 674 1676 722 1728; x_wconf 88' lang='lat' dir='ltr'>est</span> <span class='ocrx_word' id='word_1_82' title='bbox 753 1666 842 1741; x_wconf 81' lang='lat' dir='ltr'>falsa,</span> <span class='ocrx_word' id='word_1_83' title='bbox 874 1667 951 1748; x_wconf 90' lang='lat' dir='ltr'>quia</span> <span class='ocrx_word' id='word_1_84' title='bbox 982 1666 1086 1747; x_wconf 92' lang='lat' dir='ltr'>prima</span> 
     </span>
     <span class='ocr_line' id='line_1_14' title="bbox 117 1773 1085 1855; baseline 0.006 -27"><span class='ocrx_word' id='word_1_85' title='bbox 117 1789 211 1833; x_wconf 90' lang='lat' dir='ltr'>causa</span> <span class='ocrx_word' id='word_1_86' title='bbox 236 1774 320 1835; x_wconf 92' lang='lat' dir='ltr'>nihil</span> <span class='ocrx_word' id='word_1_87' title='bbox 345 1773 388 1834; x_wconf 90' lang='lat' dir='ltr'>ad</span> <span class='ocrx_word' id='word_1_88' title='bbox 411 1782 504 1834; x_wconf 89' lang='lat' dir='ltr'>extra</span> <span class='ocrx_word' id='word_1_89' title='bbox 536 1774 687 1855; x_wconf 89' lang='lat' dir='ltr'>producit</span> <span class='ocrx_word' id='word_1_90' title='bbox 720 1773 909 1835; x_wconf 89' lang='lat' dir='ltr'>necessario.</span> <span class='ocrx_word' id='word_1_91' title='bbox 942 1773 1085 1834; x_wconf 92' lang='lat' dir='ltr'>Etcum</span> 
     </span>
     <span class='ocr_line' id='line_1_15' title="bbox 119 1878 1084 1962; baseline 0.004 -26"><span class='ocrx_word' id='word_1_92' title='bbox 119 1878 235 1954; x_wconf 90' lang='lat' dir='ltr'>probas</span> <span class='ocrx_word' id='word_1_93' title='bbox 260 1880 356 1962; x_wconf 91' lang='lat' dir='ltr'>quod</span> <span class='ocrx_word' id='word_1_94' title='bbox 381 1880 552 1941; x_wconf 87' lang='lat' dir='ltr'>necessitas</span> <span class='ocrx_word' id='word_1_95' title='bbox 575 1889 624 1941; x_wconf 98' lang='grc' dir='ltr'>θεῖ</span> <span class='ocrx_word' id='word_1_96' title='bbox 652 1878 823 1960; x_wconf 81' lang='lat' dir='ltr'>perfectior</span> <span class='ocrx_word' id='word_1_97' title='bbox 854 1879 1084 1960; x_wconf 84' lang='lat' dir='ltr'>contingentia,</span> 
     </span>
     <span class='ocr_line' id='line_1_16' title="bbox 118 1983 1086 2067; baseline 0.005 -25"><span class='ocrx_word' id='word_1_98' title='bbox 118 1983 189 2046; x_wconf 89' lang='lat' dir='ltr'>dico</span> <span class='ocrx_word' id='word_1_99' title='bbox 213 1988 309 2067; x_wconf 90' lang='lat' dir='ltr'>quod</span> <span class='ocrx_word' id='word_1_100' title='bbox 333 2006 449 2047; x_wconf 87' lang='lat' dir='ltr'>verum</span> <span class='ocrx_word' id='word_1_101' title='bbox 474 1997 522 2048; x_wconf 88' lang='lat' dir='ltr'>est</span> <span class='ocrx_word' id='word_1_102' title='bbox 547 1986 601 2047; x_wconf 89' lang='lat' dir='ltr'>ubi</span> <span class='ocrx_word' id='word_1_103' title='bbox 626 1986 797 2049; x_wconf 87' lang='lat' dir='ltr'>necessitas</span> <span class='ocrx_word' id='word_1_104' title='bbox 827 1995 876 2047; x_wconf 88' lang='lat' dir='ltr'>est</span> <span class='ocrx_word' id='word_1_105' title='bbox 907 1986 1086 2067; x_wconf 89' lang='lat' dir='ltr'>compossi-</span> 
     </span>
    </p>
   </div>
   <div class='ocr_carea' id='block_1_5' title="bbox 120 2089 1085 2280">
    <p class='ocr_par' dir='ltr' id='par_1_6' title="bbox 120 2089 1085 2280">
     <span class='ocr_line' id='line_1_17' title="bbox 120 2089 1085 2175; baseline 0.005 -27"><span class='ocrx_word' id='word_1_106' title='bbox 120 2089 204 2163; x_wconf 83' lang='lat' dir='ltr'>bilis;</span> <span class='ocrx_word' id='word_1_107' title='bbox 230 2094 263 2155; x_wconf 91' lang='lat' dir='ltr'>in</span> <span class='ocrx_word' id='word_1_108' title='bbox 290 2093 460 2175; x_wconf 92' lang='lat' dir='ltr'>proposito</span> <span class='ocrx_word' id='word_1_109' title='bbox 485 2103 595 2155; x_wconf 89' lang='lat' dir='ltr'>autem</span> <span class='ocrx_word' id='word_1_110' title='bbox 619 2093 693 2155; x_wconf 91' lang='lat' dir='ltr'>dico</span> <span class='ocrx_word' id='word_1_111' title='bbox 717 2094 808 2174; x_wconf 91' lang='lat' dir='ltr'>quod</span> <span class='ocrx_word' id='word_1_112' title='bbox 831 2102 879 2154; x_wconf 87' lang='lat' dir='ltr'>est</span> <span class='ocrx_word' id='word_1_113' title='bbox 902 2092 1085 2173; x_wconf 90' lang='lat' dir='ltr'>incompos-</span> 
     </span>
     <span class='ocr_line' id='line_1_18' title="bbox 123 2184 659 2280; baseline 0.013 -25"><span class='ocrx_word' id='word_1_114' title='bbox 123 2196 217 2261; x_wconf 91' lang='lat' dir='ltr'>sibilis</span> <span class='ocrx_word' id='word_1_115' title='bbox 241 2221 321 2263; x_wconf 93' lang='lat' dir='ltr'>cum</span> <span class='ocrx_word' id='word_1_116' title='bbox 347 2199 452 2280; x_wconf 92' lang='lat' dir='ltr'>prima</span> <span class='ocrx_word' id='word_1_117' title='bbox 475 2220 581 2261; x_wconf 88' lang='lat' dir='ltr'>causa.</span> <span class='ocrx_word' id='word_1_118' title='bbox 658 2184 659 2187; x_wconf 8' lang='grc' dir='ltr'><strong>Ἴ</strong></span> 
     </span>
    </p>
   </div>
   <div class='ocr_carea' id='block_1_6' title="bbox 460 2402 747 2493">
    <p class='ocr_par' dir='ltr' id='par_1_7' title="bbox 460 2402 747 2493">
     <span class='ocr_line' id='line_1_19' title="bbox 460 2402 747 2493; baseline -0.007 -18"><span class='ocrx_word' id='word_1_119' title='bbox 460 2412 637 2493; x_wconf 75' lang='lat' dir='ltr'>QuAEsrio</span> <span class='ocrx_word' id='word_1_120' title='bbox 662 2413 718 2475; x_wconf 89' lang='grc' dir='ltr'><strong>ΙΙΙ.</strong></span> <span class='ocrx_word' id='word_1_121' title='bbox 743 2402 747 2407; x_wconf 83' lang='grc'><strong><em>’</em></strong></span> 
     </span>
    </p>
   </div>
   <div class='ocr_carea' id='block_1_7' title="bbox 440 2571 762 2647">
    <p class='ocr_par' dir='ltr' id='par_1_8' title="bbox 440 2571 762 2647">
     <span class='ocr_line' id='line_1_20' title="bbox 440 2571 762 2647; baseline 0 -12"><span class='ocrx_word' id='word_1_122' title='bbox 440 2573 544 2635; x_wconf 79' lang='lat' dir='ltr'>Tertio</span> <span class='ocrx_word' id='word_1_123' title='bbox 572 2571 762 2647; x_wconf 79' lang='lat' dir='ltr'>Quceritur:</span> 
     </span>
    </p>
   </div>
   <div class='ocr_carea' id='block_1_8' title="bbox 122 2730 1086 2976">
    <p class='ocr_par' dir='ltr' id='par_1_9' title="bbox 122 2730 1086 2976">
     <span class='ocr_line' id='line_1_21' title="bbox 171 2730 1086 2799; baseline 0 -14"><span class='ocrx_word' id='word_1_124' title='bbox 171 2730 277 2787; x_wconf 84' lang='lat' dir='ltr'>Utrum</span> <span class='ocrx_word' id='word_1_125' title='bbox 297 2731 446 2799; x_wconf 81' lang='lat' dir='ltr'>productio</span> <span class='ocrx_word' id='word_1_126' title='bbox 463 2733 667 2786; x_wconf 79' lang='lat' dir='ltr'>ereaturarum</span> <span class='ocrx_word' id='word_1_127' title='bbox 685 2732 829 2798; x_wconf 83' lang='lat' dir='ltr'>qnantum</span> <span class='ocrx_word' id='word_1_128' title='bbox 846 2730 1004 2785; x_wconf 70' lang='lat' dir='ltr'>adommim</span> <span class='ocrx_word' id='word_1_129' title='bbox 1024 2746 1086 2797; x_wconf 87' lang='lat' dir='ltr'>pro·</span> 
     </span>
     <span class='ocr_line' id='line_1_22' title="bbox 122 2815 1086 2893; baseline 0.004 -24"><span class='ocrx_word' id='word_1_130' title='bbox 122 2815 289 2890; x_wconf 80' lang='lat' dir='ltr'>duotlonem,</span> <span class='ocrx_word' id='word_1_131' title='bbox 300 2822 372 2893; x_wconf 78' lang='lat' dir='ltr'>tam</span> <span class='ocrx_word' id='word_1_132' title='bbox 390 2819 419 2873; x_wconf 86' lang='lat' dir='ltr'>ln</span> <span class='ocrx_word' id='word_1_133' title='bbox 437 2834 496 2875; x_wconf 80' lang='lat' dir='ltr'>esse</span> <span class='ocrx_word' id='word_1_134' title='bbox 514 2819 586 2875; x_wconf 80' lang='lat' dir='ltr'>reall</span> <span class='ocrx_word' id='word_1_135' title='bbox 605 2834 693 2886; x_wconf 81' lang='lat' dir='ltr'>quam</span> <span class='ocrx_word' id='word_1_136' title='bbox 710 2817 1019 2888; x_wconf 80' lang='lat' dir='ltr'>lnesselntellootuall‚</span> <span class='ocrx_word' id='word_1_137' title='bbox 1039 2834 1086 2873; x_wconf 85' lang='lat' dir='ltr'>ne·</span> 
     </span>
     <span class='ocr_line' id='line_1_23' title="bbox 122 2908 1085 2976; baseline 0 -17"><span class='ocrx_word' id='word_1_138' title='bbox 122 2912 237 2965; x_wconf 71' lang='lat' dir='ltr'>cessam</span> <span class='ocrx_word' id='word_1_139' title='bbox 254 2908 425 2965; x_wconf 82' lang='lat' dir='ltr'>hahitudlne</span> <span class='ocrx_word' id='word_1_140' title='bbox 444 2910 643 2976; x_wconf 78' lang='lat' dir='ltr'>praesupponat</span> <span class='ocrx_word' id='word_1_141' title='bbox 662 2908 875 2976; x_wconf 78' lang='lat' dir='ltr'>productionem</span> <span class='ocrx_word' id='word_1_142' title='bbox 888 2922 1085 2975; x_wconf 83' lang='lat' dir='ltr'>personarum.</span> 
     </span>
    </p>
   </div>
   <div class='ocr_carea' id='block_1_9' title="bbox 124 3052 1089 3772">
    <p class='ocr_par' dir='ltr' id='par_1_10' title="bbox 124 3052 1084 3667">
     <span class='ocr_line' id='line_1_24' title="bbox 184 3052 1084 3135; baseline -0.007 -18"><span class='ocrx_word' id='word_1_143' title='bbox 184 3055 326 3117; x_wconf 90' lang='lat' dir='ltr'>Videtur</span> <span class='ocrx_word' id='word_1_144' title='bbox 354 3052 443 3135; x_wconf 89' lang='lat' dir='ltr'>quod</span> <span class='ocrx_word' id='word_1_145' title='bbox 475 3071 550 3125; x_wconf 85' lang='lat' dir='ltr'>non,</span> <span class='ocrx_word' id='word_1_146' title='bbox 575 3074 632 3133; x_wconf 81' lang='lat' dir='ltr'>per</span> <span class='ocrx_word' id='word_1_147' title='bbox 669 3052 871 3115; x_wconf 82' lang='lat' dir='ltr'>Richardun</span> <span class='ocrx_word' id='word_1_148' title='bbox 896 3052 951 3113; x_wconf 78' lang='lat' dir='ltr'>lib.</span> <span class='ocrx_word' id='word_1_149' title='bbox 979 3068 1008 3128; x_wconf 82' lang='lat'>3.</span> <span class='ocrx_word' id='word_1_150' title='bbox 1045 3052 1084 3112; x_wconf 76' lang='lat' dir='ltr'>du</span> 
     </span>
     <span class='ocr_line' id='line_1_25' title="bbox 130 3158 1079 3243; baseline -0.001 -25"><span class='ocrx_word' id='word_1_151' title='bbox 130 3158 209 3224; x_wconf 73' lang='lat' dir='ltr'>Trite.</span> <span class='ocrx_word' id='word_1_152' title='bbox 236 3162 295 3243; x_wconf 90' lang='lat' dir='ltr'>qui</span> <span class='ocrx_word' id='word_1_153' title='bbox 320 3160 509 3240; x_wconf 78' lang='lat' dir='ltr'>dicitquod</span> <span class='ocrx_word' id='word_1_154' title='bbox 533 3160 557 3220; x_wconf 91' lang='lat' dir='ltr'>si</span> <span class='ocrx_word' id='word_1_155' title='bbox 582 3168 664 3220; x_wconf 73' lang='lat' dir='ltr'>esset</span> <span class='ocrx_word' id='word_1_156' title='bbox 688 3168 818 3219; x_wconf 78' lang='lat' dir='ltr'>tantum</span> <span class='ocrx_word' id='word_1_157' title='bbox 851 3179 914 3219; x_wconf 76' lang='lat' dir='ltr'>uni</span> <span class='ocrx_word' id='word_1_158' title='bbox 939 3178 1079 3237; x_wconf 77' lang='lat' dir='ltr'>persona</span> 
     </span>
     <span class='ocr_line' id='line_1_26' title="bbox 124 3262 1083 3345; baseline -0.004 -18"><span class='ocrx_word' id='word_1_159' title='bbox 124 3262 152 3327; x_wconf 88' lang='lat' dir='ltr'>in</span> <span class='ocrx_word' id='word_1_160' title='bbox 172 3269 299 3340; x_wconf 88' lang='lat' dir='ltr'>divinis,</span> <span class='ocrx_word' id='word_1_161' title='bbox 324 3266 433 3327; x_wconf 77' lang='lat' dir='ltr'>adhuc</span> <span class='ocrx_word' id='word_1_162' title='bbox 456 3274 539 3327; x_wconf 85' lang='lat' dir='ltr'>esset</span> <span class='ocrx_word' id='word_1_163' title='bbox 563 3265 594 3326; x_wconf 93' lang='lat' dir='ltr'>in</span> <span class='ocrx_word' id='word_1_164' title='bbox 618 3286 655 3326; x_wconf 80' lang='lat' dir='ltr'>ea</span> <span class='ocrx_word' id='word_1_165' title='bbox 669 3265 837 3345; x_wconf 77' lang='lat' dir='ltr'>plenitudo</span> <span class='ocrx_word' id='word_1_166' title='bbox 861 3264 1028 3345; x_wconf 75' lang='lat' dir='ltr'>sapientiae</span> <span class='ocrx_word' id='word_1_167' title='bbox 1051 3273 1083 3324; x_wconf 89' lang='lat' dir='ltr'>et</span> 
     </span>
     <span class='ocr_line' id='line_1_27' title="bbox 126 3370 1084 3453; baseline -0.004 -19"><span class='ocrx_word' id='word_1_168' title='bbox 126 3376 286 3451; x_wconf 85' lang='lat' dir='ltr'>potentiae.</span> <span class='ocrx_word' id='word_1_169' title='bbox 313 3372 379 3436; x_wconf 86' lang='lat' dir='ltr'>Sed</span> <span class='ocrx_word' id='word_1_170' title='bbox 395 3373 484 3453; x_wconf 92' lang='lat' dir='ltr'>quod</span> <span class='ocrx_word' id='word_1_171' title='bbox 509 3372 606 3433; x_wconf 88' lang='lat' dir='ltr'>habet</span> <span class='ocrx_word' id='word_1_172' title='bbox 623 3372 857 3453; x_wconf 86' lang='lat' dir='ltr'>plenitudinem</span> <span class='ocrx_word' id='word_1_173' title='bbox 876 3370 1030 3452; x_wconf 85' lang='lat' dir='ltr'>potentiae</span> <span class='ocrx_word' id='word_1_174' title='bbox 1051 3380 1084 3430; x_wconf 88' lang='lat' dir='ltr'>et</span> 
     </span>
     <span class='ocr_line' id='line_1_28' title="bbox 126 3477 1081 3561; baseline -0.004 -21"><span class='ocrx_word' id='word_1_175' title='bbox 126 3482 285 3561; x_wconf 83' lang='lat' dir='ltr'>sapientiae</span> <span class='ocrx_word' id='word_1_176' title='bbox 307 3488 415 3561; x_wconf 82' lang='lat' dir='ltr'>potest</span> <span class='ocrx_word' id='word_1_177' title='bbox 439 3479 616 3559; x_wconf 81' lang='lat' dir='ltr'>producere</span> <span class='ocrx_word' id='word_1_178' title='bbox 640 3499 738 3539; x_wconf 85' lang='lat' dir='ltr'>omne</span> <span class='ocrx_word' id='word_1_179' title='bbox 755 3477 968 3558; x_wconf 75' lang='lat' dir='ltr'>productiblle</span> <span class='ocrx_word' id='word_1_180' title='bbox 982 3498 988 3551; x_wconf 90' lang='lat'>;</span> <span class='ocrx_word' id='word_1_181' title='bbox 1002 3496 1081 3556; x_wconf 84' lang='lat' dir='ltr'>ergo</span> 
     </span>
     <span class='ocr_line' id='line_1_29' title="bbox 127 3583 735 3667; baseline 0.003 -22"><span class='ocrx_word' id='word_1_182' title='bbox 127 3583 177 3649; x_wconf 91' lang='lat' dir='ltr'>ista</span> <span class='ocrx_word' id='word_1_183' title='bbox 201 3588 298 3651; x_wconf 89' lang='lat' dir='ltr'>unica</span> <span class='ocrx_word' id='word_1_184' title='bbox 323 3605 463 3667; x_wconf 87' lang='lat' dir='ltr'>persona</span> <span class='ocrx_word' id='word_1_185' title='bbox 486 3593 595 3666; x_wconf 90' lang='lat' dir='ltr'>posset</span> <span class='ocrx_word' id='word_1_186' title='bbox 618 3605 735 3647; x_wconf 89' lang='lat' dir='ltr'>creare.</span> 
     </span>
    </p>

    <p class='ocr_par' dir='ltr' id='par_1_11' title="bbox 185 3688 1089 3772">
     <span class='ocr_line' id='line_1_30' title="bbox 185 3688 1089 3772; baseline -0.012 -13"><span class='ocrx_word' id='word_1_187' title='bbox 185 3695 342 3759; x_wconf 90' lang='lat' dir='ltr'>Secundo</span> <span class='ocrx_word' id='word_1_188' title='bbox 367 3691 429 3752; x_wconf 90' lang='lat' dir='ltr'>sic:</span> <span class='ocrx_word' id='word_1_189' title='bbox 455 3690 546 3753; x_wconf 88' lang='lat' dir='ltr'>Sicut</span> <span class='ocrx_word' id='word_1_190' title='bbox 577 3711 611 3752; x_wconf 91' lang='lat' dir='ltr'>se</span> <span class='ocrx_word' id='word_1_191' title='bbox 635 3690 734 3753; x_wconf 89' lang='lat' dir='ltr'>habet</span> <span class='ocrx_word' id='word_1_192' title='bbox 767 3689 962 3772; x_wconf 89' lang='lat' dir='ltr'>principium</span> <span class='ocrx_word' id='word_1_193' title='bbox 995 3688 1089 3749; x_wconf 88' lang='lat' dir='ltr'>unius</span> 
     </span>
    </p>
   </div>
   <div class='ocr_carea' id='block_1_10' title="bbox 0 0 1335 4267">
    <p class='ocr_par' dir='ltr' id='par_1_12' title="bbox 0 0 1335 4267">
     <span class='ocr_line' id='line_1_31' title="bbox 0 0 1335 4267; baseline 0 0"><span class='ocrx_word' id='word_1_194' title='bbox 0 0 1335 4267; x_wconf 95' lang='lat' dir='ltr'> </span> 
     </span>
    </p>
   </div>
  </div>
 </body>
</html>
