2634 4267
293 325 358 386 244
535 307 610 376 Lm.
634 307 665 368 ΙΙ
690 305 985 370 SENTENrmRUM

269 515 325 576 lud
348 513 441 595 cujus
457 513 629 595 praesentia
651 521 699 574 est
716 512 748 574 in
771 512 881 593 aliquo
906 533 1001 576 sensu
1026 511 1207 593 perceptibli-

267 621 315 696 lis,
345 631 378 683 et
408 620 478 701 ejus
500 620 647 683 absentia
667 623 715 682 est
738 619 972 701 perceptibilis;
1001 639 1079 701 ergo
1103 619 1125 680 si
1145 617 1206 678 sub-

267 728 384 791 stantia
407 736 456 791 est
478 747 573 790 sensu
587 726 812 807 perceptibilis,
836 726 983 788 absentia
1000 725 1089 806 panis
1110 725 1138 785 in
1152 724 1209 784 Eu-

266 834 416 898 charistia
432 843 480 896 est
497 833 685 896 naturaliter
697 832 923 914 perceptibilis
937 833 1029 913 quod
1041 841 1086 894 est
1098 830 1205 892 falsum.

335 940 481 1004 Secundo
504 940 565 1001 sic:
590 940 681 1022 quod
698 939 752 1002 uni
769 946 817 1001 est
833 939 983 1001 accidens
1000 939 1077 1002 nulli
1091 947 1135 1000 est
1147 936 1209 998 sub-

251 1047 402 1124 ·stantia;
426 1027 566 1109 sed⁰lux
589 1055 638 1109 est
659 1044 755 1108 alicui
778 1045 937 1118 accidens,
973 1046 1051 1126 quia
1073 1053 1169 1126 potest
1187 1043 1209 1102 i-

268 1175 359 1218 nesse
381 1162 415 1216 et
436 1154 548 1216 abesse
571 1161 690 1234 praeter
713 1152 847 1234 subjecti
871 1153 1120 1233 corruptionem.

341 1261 445 1324 Terlio
467 1259 512 1322 sic
535 1279 592 1341 per
615 1259 818 1321 Aureolum:
842 1258 926 1320 Illud
949 1268 999 1320 est
1028 1258 1165 1320 accidens
1184 1277 1211 1316 a·

268 1367 342 1430 licui
365 1367 454 1448 quod
489 1367 548 1429 sibi
571 1366 720 1428 additum
753 1366 784 1426 in
809 1364 1042 1446 praedicatione
1065 1385 1126 1426 non
1147 1362 1212 1424 lacit

268 1474 491 1557 nugationem,
516 1473 598 1534 sicut
622 1479 712 1553 patet
735 1492 793 1553 per
813 1471 1000 1536 Comment.
1026 1491 1057 1556 7.
1081 1467 1209 1550 Metoplt.

266 1602 378 1646 comm.
402 1598 434 1663 4.
444 1604 460 1653 ,·
485 1580 541 1641 sed
565 1580 636 1647 sine.
664 1577 842 1660 nugatione
865 1578 982 1640 dicitur
1006 1580 1054 1641 sol
1086 1577 1211 1654 lucidus;

266 1709 355 1770 ergo.

341 1898 565 1985 Quantum
600 1900 665 1965 ad
693 1900 936 1964 seeundum
976 1896 1211 1964 Articulum

264 2007 338 2070 dico
362 2007 452 2089 quod
476 2007 586 2067 lumen
611 2026 678 2069 non
703 2014 751 2068 est
774 2004 972 2080 substantia;
997 2006 1088 2086 quod
1112 2003 1209 2086 proba-

265 2122 318 2176 tur
334 2112 438 2176 tribus
461 2112 639 2174 rationibus
663 2112 775 2194 positis
809 2113 841 2173 in
858 2112 998 2193 praeced.
1024 2112 1127 2174 Artic.
1149 2110 1212 2191 quia

264 2210 466 2284 concludunt
491 2218 541 2281 hic
565 2219 650 2281 sicut
687 2219 742 2281 ibi.
769 2219 812 2282 Et
835 2218 966 2281 additur
997 2217 1210 2300 quartaratio,
1277 2215 1278 2218 ’

265 2327 342 2408 quia
361 2326 411 2387 vel
439 2335 522 2388 esset
557 2326 738 2388 substantia
765 2324 940 2407 corporalis
963 2326 1015 2387 vel
1039 2324 1211 2407 spiritualis;

266 2454 331 2495 non
348 2433 454 2514 primo
473 2433 573 2494 modo
597 2453 654 2515 per
681 2442 914 2515 argumentum
931 2431 1120 2514 Philosophi
1141 2451 1168 2494 2.
1181 2429 1211 2491 de

265 2540 391 2611 anima,
418 2539 495 2620 quia
511 2548 590 2601 tunc
606 2539 673 2601 duo
698 2559 855 2620 corporea
878 2518 985 2601 essent
1008 2539 1114 2614 simul,
1137 2534 1211 2620 quod
1277 2575 1278 2612 r

265 2646 432 2728 improbat
446 2644 664 2726 Philosophus
679 2663 710 2729 4.
735 2644 856 2727 Phys.,·
873 2666 933 2708 nec
957 2647 1102 2708 secundo
1119 2644 1211 2714 modo,

266 2753 343 2835 quia
366 2762 415 2815 est
438 2753 637 2816 extensibile.

340 2967 567 3054 Quantum
591 2969 656 3034 ad
675 2968 854 3034 tertium
877 2968 1130 3034 Articulum
1153 2967 1212 3029 dico

264 3075 355 3156 quod
379 3075 437 3136 lux
454 3074 559 3156 gignit
583 3076 694 3137 lumen
716 3083 873 3156 tanquam
898 3075 1065 3156 propriam
1089 3074 1211 3157 speciem

264 3181 401 3242 similem
425 3180 495 3242 sibi.
520 3180 579 3242 Ad
603 3181 696 3261 cujus
719 3181 965 3264 intelligentiam
989 3191 1038 3244 est
1062 3181 1211 3244 sciendum

264 3288 354 3368 quod
377 3288 558 3348 secundum
583 3287 722 3369 Algazel
747 3287 782 3349 ἐκ
805 3309 866 3350 sua
882 3289 1087 3369 perspectiva
1109 3286 1211 3367 triplex

263 3402 312 3454 est
335 3393 453 3468 radius,
478 3403 591 3465 rectus,
612 3395 757 3474 fractus,
785 3403 817 3456 et
840 3394 990 3476 reflexus.
1017 3395 1139 3458 Radius
1159 3411 1211 3452 reo

264 3508 317 3560 tus
339 3508 388 3561 est
410 3498 466 3579 qui
491 3499 684 3562 diffunditur
707 3522 726 3562 a
750 3521 886 3582 corpore
921 3501 1085 3564 luminoso
1108 3501 1137 3562 in
1158 3517 1213 3558 me·

264 3606 319 3668 dio
335 3603 482 3688 ejusdem
496 3606 760 3687 dyaphoneitatis
772 3616 804 3668 et
816 3608 912 3669 durat
924 3617 1055 3670 tantum
1068 3613 1210 3690 quantum

248 3764 252 3772 .
265 3711 367 3771 virtus
381 3711 542 3774 luminosi.
560 3713 685 3774 Radius
701 3722 809 3792 autem
824 3712 943 3777 fractus
959 3723 1009 3778 est
1020 3717 1077 3798 qui
1093 3732 1212 3777 concur-
