2634 4267
319 276 575 340 Dtsrnvcntll
600 275 746 358 QvAEst.
771 277 801 338 ΙΙ
985 294 1045 357 109

167 481 227 544 Ad
253 482 434 545 secundum
464 482 536 544 dico
568 483 611 544 ad
641 482 798 544 minorem
829 482 920 563 quod
951 491 1068 545 natura

109 589 205 670 seipsa
226 598 278 652 est
302 610 369 651 una
392 590 515 651 unitate
537 588 612 650 reali
636 609 702 650 non
727 588 851 651 unitate
875 589 1042 651 numerali.

166 696 225 758 Ad
245 697 382 758 tortium
412 695 485 758 dico
515 695 605 777 quod
635 694 680 757 ibi
710 694 818 777 arguit
848 694 1068 777 Philosophus

108 811 212 864 contra
236 803 347 865 ideam
372 803 522 864 Platonis.
548 802 593 865 Et
615 810 695 864 tunc
718 801 791 864 dico
815 803 905 883 quod
933 801 959 863 si
982 801 1066 863 acci-

107 908 186 989 pitur
209 930 271 991 pro
295 909 477 972 substantia
498 908 603 990 prima
614 929 658 970 ex
674 929 741 990 quo
753 916 801 970 est
817 908 983 970 individua
999 928 1066 972 non
1149 955 1151 958 -

108 1014 183 1078 inest
204 1016 309 1091 alteri,
333 1016 391 1078 sed
413 1024 462 1078 est
485 1015 617 1098 propria
639 1015 709 1096 ejus
732 1014 825 1096 cujus
848 1023 898 1078 est
920 1034 977 1095 per
993 1035 1063 1096 gra-

108 1121 180 1184 dum
202 1123 487 1185 determinantem.

165 1229 223 1290 Ao
247 1239 405 1310 quartum
437 1229 510 1291 dico
541 1229 631 1310 quod
663 1228 769 1310 tonsor
800 1236 849 1290 est
880 1226 959 1290 falsa
982 1226 1066 1291 sicut

108 1343 189 1415 patet
211 1357 268 1418 per
293 1357 354 1398 sex
377 1336 516 1398 rationes
539 1333 810 1417 quaesuntfactae
827 1343 940 1397 contra
968 1334 1063 1398 istam

106 1442 297 1522 opinionem,
323 1463 399 1524 quae
422 1451 470 1505 est
494 1442 593 1506 Scoti.

171 1654 399 1740 Quantum
430 1655 495 1720 od
526 1655 770 1720 seeundum
809 1653 1064 1720 Articulum

107 1769 149 1822 est
170 1763 279 1844 opinio
303 1761 435 1825 Hemici
471 1760 621 1837 Quodlz'b.
641 1779 677 1844 5.
701 1783 730 1842 q.
763 1759 796 1824 8.
829 1761 920 1842 quod
950 1760 1062 1823 indivi-

106 1866 199 1930 duum
222 1878 271 1932 est
295 1869 500 1931 individuum
524 1889 581 1950 per
597 1867 729 1949 aliquod
753 1867 952 1949 negativum,
982 1867 1061 1929 scili-

107 1983 152 2035 cet
173 1996 228 2056 per
251 1977 412 2038 rationem
436 1975 540 2037 unius
565 1975 684 2038 Unitas
707 1974 796 2036 enim
821 1994 886 2036 non
911 1974 988 2036 dicit
1003 1974 1062 2036 nisi

106 2081 322 2160 privationem,
347 2083 423 2164 quia
446 2082 471 2144 si
483 2081 603 2144 diceret
619 2081 778 2143 rationem
796 2081 980 2162 positivam,
1005 2090 1062 2143 aut

106 2187 216 2252 diceret
237 2189 547 2252 condemnationem
564 2187 835 2270 quamdicitens,
859 2196 891 2250 et
914 2187 958 2250 sic
979 2196 1063 2250 esset

108 2295 231 2376 nugatio
246 2296 387 2359 dicendo
402 2316 460 2358 ens
482 2315 585 2358 unum
596 2315 603 2370 ;
616 2304 674 2357 aut
689 2294 805 2367 aliam,
826 2302 859 2356 et
875 2302 953 2356 tunc
979 2303 1063 2356 esset

107 2401 212 2464 entitas
233 2403 347 2465 addita
369 2401 494 2465 entitati
520 2401 553 2462 in
576 2401 731 2483 quolibet,
756 2401 846 2483 quod
860 2388 924 2462 ¹est
953 2400 1062 2462 incon-

108 2507 237 2572 veniens.
493 2489 496 2494 Ι

170 2613 287 2679 Contra
312 2615 410 2678 istam
433 2614 613 2695 opinionem
625 2613 774 2696 arguitur
791 2613 902 2694 primo
924 2613 985 2675 sic:
1004 2634 1060 2675 na-

107 2725 171 2782 tura
185 2732 231 2784 est
243 2723 412 2786 individua
429 2742 486 2803 per
501 2721 580 2784 illud
597 2721 687 2802 quod
704 2721 762 2783 sibi
775 2719 951 2782 formaliter
967 2741 1061 2802 repu-

109 2835 178 2904 gnat
199 2829 297 2892 dividi
321 2829 354 2891 in
378 2830 487 2911 plures
510 2836 617 2909 partes
649 2827 861 2908 subjectivas;
894 2827 950 2889 sed
981 2827 1059 2888 illud

108 2945 232 2998 nonest
254 2935 405 3018 negati03
430 2956 509 3017 ergo
534 2943 653 2996 natura
666 2954 732 2996 non
756 2942 805 2996 est
821 2933 987 2995 individua
1003 2955 1062 3015 per

108 3041 311 3120 negationem.
337 3041 490 3105 Probatio
513 3041 672 3104 minoris:
690 3040 777 3102 nulla
794 3039 997 3122 imperfectio
1012 3061 1061 3102 re-

108 3157 221 3226 pugnat
243 3149 338 3211 alicui
362 3146 477 3210 formae
512 3148 574 3210 nisi
606 3156 738 3229 propter
768 3147 910 3228 aliquam
942 3146 1062 3228 perfec-

109 3249 217 3316 tionem
239 3275 315 3337 quae
339 3263 387 3316 est
409 3254 532 3336 aliquid
563 3254 759 3335 positivum;
792 3254 847 3315 sed
879 3253 978 3315 dividi
1010 3263 1060 3316 est

107 3360 247 3435 quaedam
270 3360 483 3444 imperfectio
507 3369 540 3422 et
563 3361 637 3422 ideo
660 3380 726 3421 non
745 3369 853 3441 potest
872 3369 1061 3440 competere

109 3472 219 3528 naturae
241 3469 379 3543 divinae;
403 3488 490 3549 ergo
514 3506 559 3513 —
587 3465 818 3550 Confirmotor,
852 3466 928 3547 quia
958 3487 1060 3546 quan-

108 3574 294 3657 tumcunque
324 3574 455 3656 negatio
478 3574 570 3637 tollat
593 3573 773 3655 potentiam
804 3572 991 3655 proximam
1015 3573 1058 3634 ad

110 3692 192 3756 agere
213 3683 261 3744 vel
285 3680 367 3767 pati,
401 3699 465 3742 non
496 3689 606 3742 tamen
638 3679 730 3761 ponit
761 3677 931 3741 formalem
962 3701 1059 3760 repu-
