2634 4267
275 256 339 335 376
525 256 598 320 Lrss.
623 258 654 321 11
679 257 975 324 Ssnrnnrmnun

1093 8 1145 24 ..1-
1156 10 1172 13 -.

320 474 348 541 5.
373 462 543 537 Praeterea,
566 463 713 546 sequitur
736 466 826 546 quod
850 486 953 529 unum
978 474 1011 528 et
1043 467 1127 529 idem
1149 487 1203 528 nu·
1276 474 1277 483 ³

252 588 342 630 mero
366 578 545 651 resurgeret
568 570 601 633 in
624 571 764 644 duobus,
788 572 838 634 vel
862 573 953 654 quod
985 573 1105 655 aliquid
1127 582 1203 635 esset

250 675 292 737 de
313 675 449 737 veritate
469 676 622 739 humanae
635 692 762 740 naturae
787 678 818 740 in
834 678 954 759 aliquo,
968 688 1001 741 et
1025 699 1088 742 non
1111 700 1202 741 resur-

250 791 341 863 geret
364 782 396 844 in
420 796 479 845 eof
501 792 679 865 utrumque
712 794 761 847 est
784 786 1025 851 inconveniens.
1062 785 1203 849 Probatio

250 890 501 969 consequentioe:
525 911 614 972 pono
644 892 734 973 quod
758 892 872 955 Petrus
906 894 1060 955 comedat
1081 893 1200 963 bovem,

251 994 368 1057 deinde
403 996 516 1058 Petrus
550 998 742 1059 comedatur
765 998 807 1059 ab
832 1018 916 1071 urso,
953 999 1058 1073 tertio,
1092 999 1201 1060 Paulus

249 1102 401 1163 comedat
432 1103 522 1165 illum
558 1124 680 1179 ursum,
705 1113 784 1167 tunc
818 1104 941 1187 aliquid
963 1106 1054 1186 quod
1088 1104 1141 1166 luit
1163 1104 1200 1165 de

251 1208 385 1271 veritate
401 1208 555 1272 humanae
572 1220 698 1273 naturae
715 1211 746 1273 in
765 1212 860 1274 Petro
876 1232 963 1273 nunc
988 1221 1036 1274 est
1052 1213 1081 1273 in
1098 1212 1197 1280 Paulo,

134 1344 136 1351 ·
250 1315 282 1377 in
306 1316 538 1379 resurrectione
552 1326 664 1379 autem
681 1319 730 1380 vel
755 1326 935 1401 resurgeret
952 1318 984 1379 in
1007 1328 1137 1400 utroque
1151 1317 1197 1379 vel

253 1422 285 1483 in
309 1422 409 1484 altero
433 1432 572 1485 tantum.

322 1526 450 1592 Contra.
476 1530 694 1611 Augustinus
719 1531 852 1593 devera
875 1532 1043 1613 religione,
1067 1531 1149 1593 dicit:
1164 1550 1195 1590 a·

251 1635 384 1697 limenta
406 1646 559 1718 corrupta
579 1638 611 1698 in
636 1638 859 1699 membrorum
877 1636 1033 1709 fabricam
1058 1638 1194 1719 migrant.
1277 1650 1278 1655 ’

248 1776 294 1789 -
316 1742 479 1806 Praetererr
503 1743 695 1806 Aristoteles
727 1762 756 1806 J.
781 1745 820 1806 de
840 1753 986 1826 generat.
1021 1742 1194 1824 dicitquod

250 1848 441 1911 adveniente
458 1850 511 1911 illo
534 1851 624 1932 quod
639 1860 689 1913 est
712 1852 867 1932 potentia,
884 1872 960 1913 caro
977 1850 1014 1913 fit
1034 1861 1105 1913 actu
1120 1870 1193 1912 caro,

317 1956 536 2020 RESPONSIO.
573 1958 634 2019 Hic
670 1966 745 2020 sunt
768 1967 910 2039 quatuor
933 1958 1074 2020 Articuli
1096 1976 1194 2019 secun·

249 2061 330 2124 dum
356 2072 497 2144 quatuor
521 2064 699 2146 opiniones

314 2278 476 2343 Prima
499 2283 567 2344 eat
586 2278 804 2362 Mamm·
830 2280 886 2361 qui
910 2279 988 2341 dicit
1020 2279 1107 2361 quod
1127 2275 1191 2338 nihil

250 2384 291 2445 de
314 2384 468 2447 alimento
491 2385 605 2448 transit
628 2386 659 2447 in
693 2386 861 2448 veritatem
895 2386 1051 2448 humanae
1074 2394 1191 2452 natura,
1278 2408 1279 2469 l

251 2491 307 2552 sed
330 2500 459 2553 tantum
483 2492 569 2553 istud
592 2502 641 2555 est
665 2494 705 2555 de
728 2492 864 2554 veritate
888 2492 1043 2554 humanae
1074 2501 1192 2559 naturae,

249 2598 338 2679 quod
362 2598 499 2660 trahitur
522 2619 542 2660 a
566 2600 763 2680 parentibus,
787 2608 820 2661 et
844 2599 923 2660 illud
947 2599 979 2661 in
1003 2620 1038 2661 se
1062 2595 1194 2679 multipli-

250 2713 341 2765 catur
365 2714 401 2765 ut
424 2703 480 2765 fiat
503 2706 728 2787 augmentatio
751 2706 834 2767 sicut
851 2704 982 2767 fuerunt
1006 2701 1193 2786 multiplicati

248 2830 348 2891 panes
382 2812 567 2893 evangelici,
592 2821 625 2873 et
648 2821 738 2874 costa
772 2812 813 2874 de
838 2821 978 2894 quaest
1014 2812 1125 2873 mulier
1145 2808 1196 2871 sor·

249 2926 346 2979 mata.
372 2918 416 2979 Et
440 2919 464 2979 si
488 2928 654 2999 quaeratur
670 2919 711 2981 ab
735 2939 783 2992 e0‚
809 2919 851 2979 ad
870 2917 950 2999 quid
973 2918 1105 3000 ponitur
1119 2916 1195 2999 quod

249 3033 421 3105 generatur
444 3045 486 3087 ex
511 3025 721 3098 nutrimento
745 3025 823 3087 dicit
858 3024 949 3105 quod
972 3034 1022 3087 est
1052 3024 1140 3106 quasi
1160 3020 1174 3083 i
1188 3056 1197 3069 ·

250 3140 397 3193 mentum
421 3133 592 3195 adhaerens
614 3136 703 3196 carni
727 3133 878 3207 naturali,
905 3154 964 3196 nec
988 3134 1195 3215 extinguatur,

248 3238 330 3300 sicut
354 3239 527 3319 plumbum
551 3241 698 3303 adhaeret
729 3262 809 3303 auro
833 3261 910 3303 cum
946 3240 1080 3323 ponitur
1102 3240 1133 3301 in
1154 3258 1197 3299 ca·

249 3345 339 3406 mino
362 3355 395 3407 et
418 3348 526 3409 oleum
550 3347 582 3409 in
607 3348 737 3410 lechito,

319 3450 461 3515 Contra:
486 3474 551 3515 non
576 3455 684 3517 minus
711 3463 759 3517 est
794 3452 936 3535 perfecta
970 3453 1150 3536 vegetativa
1170 3450 1195 3510 in

247 3558 390 3631 homine,
415 3570 576 3640 quantum
600 3562 642 3622 ad
666 3582 749 3643 opus
780 3580 888 3634 suum,
913 3581 1013 3641 quam
1039 3560 1071 3623 in
1095 3560 1195 3633 bruto;

247 3664 304 3722 sed
328 3664 360 3723 in
384 3665 481 3725 bruto
504 3674 611 3745 potest
634 3667 780 3746 potentia
807 3666 992 3747 vegetativa
1022 3674 1196 3728 convertere

247 3765 437 3828 alimentum
462 3770 493 3830 in
517 3770 731 3833 substantiam
755 3770 838 3846 aliti;
862 3792 952 3853 ergo.
1021 3827 1024 3834 .
