2634 4267
265 273 324 349 148
512 269 586 333 Lm.
612 270 641 332 II
667 268 960 333 Saursurmnuu

308 476 429 540 Ultimo
451 476 513 538 sic:
538 475 627 557 quod
644 475 761 537 dicitur
782 476 824 537 de
847 474 1014 538 identitate
1039 485 1207 557 respectus

142 601 147 612 ’
234 584 277 646 ad
300 583 450 646 habitum
475 581 535 647 fuit
563 581 786 664 improbatum
810 599 841 664 4.
866 603 896 663 q.
921 601 950 645 1.
976 583 1054 645 dist.
1080 594 1146 646 art,
1171 603 1201 646 2.

304 795 512 863 Secunda
535 805 585 859 est
608 795 719 877 opinio
732 795 872 858 Thomae
880 804 969 876 part.
995 814 1025 858 ι.
1047 818 1077 877 q.
1092 814 1150 880 55.
1174 820 1203 860 a.

233 922 268 985 j.
293 903 383 986 quod
400 912 524 984 quanto
547 904 684 985 angelus
699 911 748 964 est
770 902 916 983 superior
933 911 1026 965 tanto
1051 904 1201 986 intelligit

238 1031 295 1093 per
319 1011 442 1091 species
464 1009 643 1091 pauciores.
658 1008 757 1072 Unde
777 1009 803 1070 si
819 1009 851 1070 in
871 1010 989 1091 angelo
1002 1008 1109 1072 infimi
1122 1011 1200 1072 ordi·

238 1117 288 1180 nis
310 1125 386 1178 sunt
410 1115 541 1198 species,
558 1115 590 1177 in
606 1116 725 1197 angelo
749 1115 891 1196 supremi
915 1115 1038 1178 ordinis
1061 1126 1112 1179 est
1135 1127 1199 1179 tan·

240 1232 312 1285 tum
328 1243 392 1286 una
405 1243 462 1304 per
482 1242 581 1302 quam
595 1221 765 1304 cognoscit
778 1222 898 1288 omnia.
924 1221 1023 1303 Quod
1048 1223 1204 1304 probatur

305 1329 421 1392 Primo
455 1328 518 1390 sic:
543 1337 668 1409 quanto
703 1327 825 1410 aliquid
856 1328 1007 1410 recipitur
1030 1329 1062 1391 in
1101 1330 1202 1412 magis

236 1434 414 1518 potentiali,
442 1442 536 1496 tanto
563 1443 612 1496 est
629 1434 734 1516 magis
761 1443 984 1514 contractum3
1019 1436 1077 1497 sed
1099 1435 1200 1498 forma

236 1551 364 1623 recepta
381 1541 413 1604 in
430 1542 594 1604 intellectu
608 1540 751 1622 supremi
764 1541 870 1624 angeli
887 1541 1038 1623 recipitur
1061 1543 1095 1603 in
1113 1543 1199 1604 intel·

238 1649 322 1711 lectu
346 1649 402 1729 qui
427 1649 532 1730 magis
563 1648 683 1709 recedit
706 1669 725 1709 a
749 1648 1000 1729 potentialitate;
1025 1669 1108 1730 ergo
1131 1650 1194 1730 ipsa

236 1756 297 1819 erit
332 1756 439 1818 minus
473 1763 640 1817 contracta
671 1764 704 1817 et
727 1755 831 1837 magis
867 1755 1063 1829 universalis
1089 1765 1121 1818 et
1143 1777 1197 1837 per

237 1881 438 1942 consequens
461 1861 555 1942 plura
578 1861 832 1941 repraesentabit.

304 1967 450 2030 Secundo
473 1968 535 2030 sic:
560 1977 686 2050 quanto
709 1968 844 2049 angelus
867 1976 917 2030 est
939 1968 1085 2048 superior
1109 1977 1196 2030 tanto

238 2074 343 2156 magis
365 2074 609 2155 appropinquat
632 2073 723 2151 Deo;
740 2074 797 2136 sed
812 2074 903 2136 Deus
919 2074 1030 2136 omnia
1054 2075 1193 2156 intelligit

236 2202 294 2262 per
319 2201 431 2253 unum,
455 2181 531 2261 quia
555 2201 612 2262 per
631 2181 803 2243 essentiam
828 2201 939 2258 suam;
962 2201 1043 2263 ergo
1067 2182 1195 2263 angelus

237 2287 382 2369 superior
400 2287 550 2368 intelligit
566 2308 623 2369 per
639 2287 761 2369 species
777 2288 954 2369 pauciores
972 2288 1036 2349 Ista
1053 2298 1102 2351 est
1118 2287 1194 2350 ratio

237 2394 377 2456 Thomae
402 2393 434 2455 in
458 2414 595 2475 corpore
618 2393 813 2467 Quaestionis
836 2393 891 2456 ubi
914 2414 1022 2475 supra.

310 2501 417 2563 Tertio
442 2501 501 2562 sic:
527 2510 696 2582 receptum
728 2501 831 2576 estin
856 2501 1029 2582 recipiente
1053 2523 1111 2582 per
1133 2521 1193 2562 mo

237 2607 318 2668 dum
342 2607 538 2690 recipientis;
557 2608 613 2669 sed
636 2608 773 2689 angelus
796 2606 941 2689 superior
951 2616 1006 2682 ‚est
1030 2607 1194 2689 perfectior

236 2722 268 2775 et
292 2713 514 2793 universalior;
539 2734 617 2795 ergo
640 2714 763 2795 species
786 2722 915 2795 recepta
938 2714 970 2775 in
994 2735 1035 2776 eo
1059 2725 1109 2777 est
1131 2714 1194 2777 uni·
1281 2717 1282 2726 ’

236 2819 396 2882 versalior.

308 2925 432 3002 Quarto
455 2926 513 2988 sic:
538 2926 718 3007 Dionysius
741 2945 792 2990 12.
813 2938 880 3008 cap.
901 2927 1060 3009 angelicae
1076 2927 1196 2991 hierar·

236 3031 318 3094 cln'oe
342 3034 433 3094 dicit:
457 3033 565 3115 angeli
588 3033 769 3115 superiores
793 3033 914 3096 habent
938 3033 1195 3098 universaliorem

237 3139 415 3202 scientiam.

308 3242 446 3313 Contra
471 3244 587 3312 istum
610 3244 829 3332 opimorum
854 3257 930 3309 sunt
963 3269 1022 3310 sex
1062 3249 1196 3312 rationes

238 3353 352 3433 primae
376 3361 489 3414 contra
513 3355 753 3434 praecedentem
777 3354 975 3436 opinionem.

303 3566 409 3630 Ideo
432 3567 530 3630 dico
552 3567 689 3632 aliter
709 3569 752 3630 ad
777 3568 1002 3650 Quaestionem
1038 3570 1130 3650 quod
1164 3567 1194 3628 in

237 3672 355 3752 angelo
378 3679 453 3732 sunt
476 3672 636 3734 distinctae
661 3673 801 3736 rationes
824 3676 1043 3758 cognoscendi
1075 3677 1118 3738 ad
1150 3673 1195 3736 di·
1279 3715 1280 3726 ³
