2634 4267
281 278 345 342 310
523 263 598 326 Lm.
622 262 653 324 ΙΙ
677 260 972 325 Ssnrsnamnuu

257 468 302 531 Et
325 466 402 531 huic
425 467 569 550 opinioni
593 465 681 529 favet
712 465 930 547 Philosophus
954 486 1006 531 Io.
1031 467 1070 529 a'a
1087 451 1208 527 'anima-

158 574 162 585 '
257 574 342 637 libus
363 597 390 637 c.
416 593 444 638 1.
469 575 579 637 dicens
606 574 697 655 quod
732 573 756 634 si
791 571 876 634 fetus
913 574 1048 635 masculi
1082 573 1207 654 quadra-

258 682 383 764 gesimo
406 682 458 744 die
481 680 631 743 ceciderit
652 700 710 763 per
733 679 886 742 abortum
910 700 1010 761 super
1025 700 1140 761 aquam
1161 678 1208 739 fri-

259 789 381 871 gidam,
405 788 566 849 invenitur
591 787 713 849 habens
741 786 957 849 substantiam
985 786 1160 848 involutam
1181 784 1210 846 in

258 895 332 969 tela,
357 915 423 976 qua
445 895 550 967 scissa,
578 894 784 976 apparebunt
812 893 960 954 membra
995 892 1149 955 distincta.
1173 929 1208 936 -

260 1002 345 1064 Puto
378 1011 488 1064 tamen
523 1001 612 1082 quod
648 1008 785 1082 utraque
819 1000 930 1081 opinio
954 1008 1003 1061 est
1034 1020 1117 1071 vera,
1144 999 1210 1079 quia

255 1110 400 1190 perfecta
425 1107 576 1170 formatio
592 1107 628 1169 fit
643 1108 676 1169 in
692 1107 908 1188 quadraginta
929 1107 1076 1188 quinque
1099 1106 1209 1179 diebus,

261 1224 294 1277 et
317 1216 361 1277 sic
384 1215 501 1295 accipit
532 1214 758 1295 Augustinus;
782 1214 959 1294 semiplena
994 1222 1105 1275 autem
1132 1212 1165 1273 fit
1183 1210 1210 1272 in

262 1321 470 1403 quadriginta
485 1321 608 1393 diebus,
625 1328 657 1381 et
674 1320 717 1382 sic
733 1320 849 1401 accipit
867 1318 983 1381 Glossa
1000 1320 1036 1381 in
1050 1319 1191 1381 Levitico.

333 1424 530 1511 Quantum
553 1428 604 1492 ad
626 1428 806 1511 quartum
840 1426 919 1488 dicit
947 1426 1160 1496 Democritus,
1182 1431 1212 1484 ut

264 1534 376 1596 recitat
399 1533 615 1615 Philosophus
649 1532 679 1595 6.
704 1533 743 1594 de
765 1532 977 1606 animalibus,
1002 1533 1093 1614 quod
1120 1532 1213 1613 primo

263 1640 445 1703 formantur
469 1640 617 1702 membra
639 1640 810 1713 exteriora,
834 1639 952 1701 deinde
976 1639 1135 1701 interiora.
1151 1638 1214 1698 Hoc

263 1747 383 1829 probat
406 1745 621 1828 Philosophus
644 1755 677 1807 et
701 1746 891 1827 dicitquod
915 1746 1023 1826 primo
1048 1745 1213 1807 formantur

262 1854 413 1916 interiora
437 1854 594 1926 membra,
619 1853 701 1914 inter
725 1874 801 1934 quae
838 1853 943 1934 primo
979 1852 1137 1915 formatur
1158 1871 1214 1913 cor.

266 1960 364 2023 Ratio
387 1969 435 2022 est
461 1961 537 2041 quia
571 1960 650 2021 illud
686 1960 792 2040 primo
827 1958 985 2021 formatur
1020 1960 1053 2021 in
1088 1956 1213 2029 animali,
1286 1950 1287 1957 '

265 2068 355 2148 quod
378 2076 426 2128 est
450 2066 643 2148 principium
669 2076 778 2128 motus
809 2066 840 2128 in
864 2067 1013 2141 animali;
1038 2067 1096 2128 sed
1119 2064 1214 2145 hujus·
1286 2126 1287 2159 ἦ

267 2174 357 2236 modi
394 2182 443 2235 est
480 2180 553 2248 cor'3
592 2193 681 2254 ergo
722 2173 849 2235 Deinde
886 2172 1070 2236 formantur
1108 2173 1158 2234 illa
1190 2170 1215 2230 in

268 2280 386 2363 quibus
398 2280 487 2361 viget
498 2279 600 2341 virtus
611 2279 759 2341 animalis
772 2288 851 2360 puta
863 2300 940 2360 epar
952 2288 984 2341 et
997 2279 1218 2340 cerebrum-
1286 2286 1287 2331 t

202 2444 209 2457 ,
275 2386 370 2463 Quod
389 2386 421 2447 si
453 2386 544 2447 dicas
578 2406 678 2467 quare
710 2370 779 2447 ‘non
814 2385 972 2447 formatur
1003 2394 1083 2447 tune
1108 2385 1216 2467 pulmo,

269 2493 435 2574 respondet
457 2492 628 2554 Avicenna
651 2511 682 2574 9.
700 2492 738 2554 da
758 2491 959 2554 animalibus
982 2492 1073 2573 quod
1099 2492 1160 2553 hoc
1181 2496 1218 2551 est

270 2601 343 2662 ideo
363 2600 439 2680 quia
462 2598 576 2679 pulmo
611 2608 659 2660 est
683 2607 815 2680 propter
839 2598 1104 2681 respirationem;
1122 2598 1175 2661 sed
1195 2596 1217 2656 in

270 2706 376 2788 prima
388 2705 581 2767 formatione
597 2703 681 2767 fetus
697 2725 763 2767 non
776 2706 900 2787 indiget
916 2705 1143 2786 respiratione;
1160 2705 1219 2765 ideo

272 2833 337 2875 non
368 2811 526 2874 formatur
550 2812 674 2893 pulmo.

340 2915 536 3002 Qnantnan
560 2916 614 2983 ad
633 2916 810 3003 quintum
846 2918 918 2980 dico
953 2919 1045 2999 quod
1071 2918 1158 2979 'illud
1182 2921 1220 2977 est

272 3033 403 3106 propter
428 3024 645 3086 diversitatem
667 3025 820 3099 materiae,
838 3046 914 3087 nam
931 3025 972 3085 ad
990 3025 1220 3106 generationem

271 3130 354 3193 fetus
377 3132 539 3194 concurrit
566 3152 694 3213 sperma
723 3132 937 3193 masculinum
972 3140 1005 3193 et
1039 3130 1219 3193 femininum

271 3247 305 3300 et
329 3247 541 3301 menstruum.
567 3239 704 3319 Sperma
728 3247 837 3300 autem
863 3238 1080 3300 masculinum
1105 3238 1140 3299 fit
1162 3255 1220 3298 ma·

272 3344 352 3407 teria
374 3344 546 3426 spirituum
577 3354 738 3425 quantum
766 3346 807 3406 ad
842 3345 874 3406 id
909 3346 999 3427 quod
1030 3354 1080 3407 est
1110 3340 1221 3406 subtilis

272 3451 305 3513 in
329 3472 378 3525 e0,
403 3459 564 3533 quantum
591 3460 701 3513 autem
736 3452 777 3512 ad
813 3452 845 3513 id
883 3452 973 3533 quod
1008 3460 1057 3513 est
1092 3448 1219 3532 grossius

272 3557 387 3618 transit
421 3557 453 3619 in
490 3558 646 3619 membra.
680 3558 817 3639 Sperma
851 3566 961 3619 autem
996 3555 1168 3619 femineum
1188 3549 1219 3611 fit

274 3663 408 3724 materia
442 3682 615 3725 nervorum
639 3672 673 3725 et
695 3684 851 3725 venarum
875 3672 1044 3726 eteorum
1068 3684 1140 3746 quae
1161 3677 1219 3721 non
