2634 4267
250 276 269 336 8
478 272 552 337 Lm.
577 273 607 335 ΙΙ
632 272 924 336 Sauraurmauu

225 476 306 539 dum
323 476 449 539 videtur
464 496 586 558 ponere
603 475 820 557 Philosophus
841 494 892 539 12.
910 476 1056 558 Metaph.
1081 498 1183 559 quan·

226 585 271 646 do
294 583 387 645 dicit:
412 582 454 645 ab
482 582 545 645 hoc
575 583 709 664 quidem
740 583 898 664 principio
929 584 1093 665 dependet
1115 605 1184 647 coe-

227 690 295 751 lum
319 699 352 752 et
374 698 444 752 tota
467 698 592 751 natura.
631 689 746 763 Tertio,
771 690 861 772 quod
892 689 1014 772 aliquid
1044 690 1085 753 sit
1114 711 1186 772 pos·
1290 699 1291 704 ’

226 796 317 858 sibile
340 816 382 858 ex
413 816 447 858 se
478 795 664 871 formaliter,
697 796 740 858 ab
768 796 831 858 alio
858 805 969 859 tamen
998 798 1189 870 necessari0,

227 903 347 965 scilicet
369 903 445 985 quia
469 902 546 965 illud
571 903 752 965 necessario
775 913 887 966 causat
910 924 929 965 a
952 924 1019 985 quo
1041 913 1100 966 est.

294 1009 352 1071 Ad
367 1010 572 1091 propositum
588 1009 666 1071 dicit
690 1010 816 1071 Doctor
837 1009 905 1090 iste,
929 1010 1019 1091 quod
1043 1009 1186 1091 philoso-
1291 995 1292 1010 i

227 1115 284 1197 phi
308 1125 486 1197 posuerunt
508 1115 639 1179 tertium
663 1124 696 1178 et
719 1116 898 1178 secundum
939 1118 1086 1190 modum,
1125 1117 1189 1198 pri-

229 1243 321 1284 mum
344 1232 454 1285 autem
479 1224 615 1286 modum
640 1232 858 1305 negaverunt;
875 1243 941 1285 non
964 1224 1051 1285 enim
1074 1244 1188 1305 posue·
1292 1291 1293 1312 χ

227 1339 302 1392 runt
326 1330 415 1412 quod
439 1330 491 1392 illa
514 1351 589 1412 quae
613 1338 692 1392 sunt
715 1328 891 1392 formaliter
914 1350 957 1393 ex
986 1350 1020 1393 se
1058 1351 1187 1393 necesse
1292 1327 1293 1330 ’

225 1458 307 1512 esse,
331 1446 438 1499 essent
463 1436 504 1499 ab
543 1436 605 1498 alio
639 1436 784 1499 effective
806 1437 857 1499 vel
896 1437 1073 1511 causaliter,
1105 1437 1187 1500 sicut

226 1553 303 1606 sunt
326 1542 556 1625 intelligentiae,
581 1564 657 1625 quae
682 1563 747 1605 non
771 1551 847 1605 sunt
870 1541 912 1605 ab
935 1542 998 1605 alio
1030 1542 1185 1605 effective.

227 1650 328 1732 Quod
363 1650 481 1731 probat
504 1649 565 1712 sic:
602 1670 668 1712 non
706 1658 755 1711 est
792 1650 964 1712 verisimile
987 1650 1078 1732 quod
1116 1659 1186 1712 tam

225 1756 372 1839 praeclari
396 1749 583 1839 philosophi
607 1765 765 1837 ponerent
788 1756 841 1818 illa
864 1777 940 1838 quae
963 1756 995 1818 in
1027 1756 1093 1818 suis
1126 1765 1187 1818 ter-

227 1863 323 1925 minis
353 1863 522 1944 implicant
559 1863 866 1938 contradictionem;
906 1863 962 1925 sed
986 1863 1038 1925 ille
1060 1863 1186 1944 primus

226 1970 353 2043 modus,
371 1970 460 2051 quod
484 1970 602 2032 scilicet
618 1969 739 2051 aliquid
764 1970 804 2032 sit
825 1990 919 2033 exse
942 1968 1118 2032 formaliter
1134 1990 1187 2031 ne·
1294 2027 1295 2054 ,

226 2096 314 2139 cesse
336 2098 404 2139 esse
427 2077 468 2139 ab
492 2077 555 2139 alio
578 2085 689 2139 tamen
712 2075 867 2150 effective,
892 2076 1037 2158 implicat
1061 2085 1188 2171 contra-

225 2183 412 2257 dictionem,
437 2183 513 2266 quia
536 2192 615 2246 tunc
629 2192 714 2245 esset
728 2179 880 2264 possibile
902 2192 935 2245 et
951 2203 1079 2245 necesse
1101 2204 1184 2261 esse3

225 2310 315 2372 erg0.
339 2326 383 2337 -
407 2290 475 2353 Sed
494 2300 606 2353 contra
630 2290 728 2352 istam
751 2289 932 2370 opinionem
956 2290 1103 2372 arguitur
1123 2290 1185 2352 du·

225 2396 358 2477 pliciter.
383 2397 498 2460 Primo
521 2396 738 2478 Philosophus
754 2395 846 2477 ponit
862 2414 914 2461 12.
930 2394 1077 2477 Metapa.
1095 2396 1185 2477 quod
1295 2399 1296 2422 ³

225 2503 257 2564 in
281 2504 434 2566 omnibus
457 2503 676 2586 intelligentiis
697 2512 747 2565 est
785 2503 871 2565 idem
911 2503 1036 2565 realiter
1059 2523 1129 2566 esse
1152 2512 1185 2565 et

225 2610 530 2693 intelligere..Ponit
552 2610 650 2672 etiam
676 2610 805 2683 ibidem,
829 2610 919 2691 quod
943 2629 1057 2672 omnes
1095 2609 1186 2671 intel·

225 2718 367 2800 ligentiae
384 2717 569 2799 dependent
592 2738 611 2778 a
627 2717 733 2798 prima
749 2737 846 2778 causa
858 2715 1003 2779 effective
1019 2724 1181 2798 quantum

224 2824 267 2887 ad
290 2833 399 2886 actum
425 2823 633 2905 intelligendi.
658 2823 753 2886 Tunc
776 2823 923 2905 arguitur
946 2822 1007 2884 sic:
1041 2821 1185 2903 Quando
1293 2885 1296 2900 ,

224 2930 332 3011 aliqua
355 2930 422 2993 duo
446 2939 521 2992 sunt
544 2930 629 2992 idem
665 2930 801 3003 realiter,
825 2930 851 2991 si
889 2928 1012 2991 habens
1035 2929 1095 2991 ista
1132 2929 1185 2991 de·
1294 2959 1297 2988 r

225 3037 345 3119 pendet
379 3046 539 3118 quantum
578 3036 620 3098 ad
644 3057 747 3098 unum
786 3036 940 3110 effective,
978 3035 1021 3100 ab
1044 3036 1107 3098 alio
1131 3036 1186 3098 de-

225 3144 345 3225 pendet
368 3144 465 3206 etiam
490 3143 670 3206 secundum
694 3143 798 3220 aliud3
822 3143 879 3205 sed
903 3142 935 3205 in
963 3142 1182 3225 intelligentiis

223 3259 272 3313 est
296 3250 381 3312 idem
405 3270 474 3312 esse
496 3258 529 3312 et
552 3249 739 3331 intelligere,
763 3259 796 3312 et
819 3250 1005 3331 dependent
1028 3270 1142 3312 omnes
1165 3270 1184 3311 a

224 3356 329 3439 prima
353 3378 449 3419 causa
486 3356 632 3419 effective
669 3364 831 3437 quantum
854 3356 897 3418 ad
935 3366 1046 3430 actum
1069 3355 1183 3418 intelli-

225 3463 339 3545 gendi;
363 3484 442 3546 ergo
465 3473 497 3525 et
519 3473 680 3545 quantum
704 3463 879 3526 adactum
903 3463 1096 3525 essendi-
1131 3462 1185 3525 Se-

223 3570 328 3633 cundo
351 3570 415 3633 sic:
433 3569 555 3633 Omnia
578 3570 666 3632 entia
689 3578 766 3632 sunt
790 3571 832 3632 ad
855 3570 999 3651 primum
1025 3578 1061 3631 ut
1084 3569 1126 3631 ad
1149 3567 1188 3629 fi-

223 3698 318 3755 nem;
342 3698 422 3761 ergo
445 3686 562 3741 sunta
586 3676 693 3758 primo
717 3685 753 3738 ut
775 3676 818 3739 ab
846 3675 1012 3739 efficiente.
1050 3676 1187 3738 Antece-
