2634 4267
246 263 305 310 122
496 245 571 308 L1u.
597 245 627 308 11
651 243 948 308 Snuununnuun

568 449 746 532 Quasuuo
777 449 833 512 111.

269 607 498 691 Consequentur
524 609 573 672 ad
592 609 690 672 istam
713 608 918 690 qucestz'onem
941 608 1126 689 quceritur:

271 768 377 823 Utrum
396 767 426 821 lu
444 782 503 820 una
520 766 612 834 specle
630 765 760 832 ungelleu
778 765 836 820 slut
854 765 899 820 vel
917 779 976 820 essu
995 765 1105 833 possint
1122 764 1189 833 plu·

219 871 265 912 res
282 855 385 923 Augen
402 854 461 910 selu
479 869 599 910 numeru
617 855 790 910 differentes.

287 1001 331 1062 Et
354 1000 481 1062 videtur
503 999 594 1081 quod
617 1019 693 1072 non,
718 999 795 1081 quia
818 998 850 1060 in
877 997 1032 1078 separatis
1061 1018 1080 1058 a
1116 1016 1184 1057 ma-

219 1107 299 1170 teria
315 1108 401 1169 idem
417 1116 466 1168 est
488 1106 653 1188 quidditas
676 1115 709 1168 et
733 1105 811 1167 illud
835 1105 928 1186 cujus
947 1113 996 1168 est
1019 1103 1186 1186 quidditas

219 1234 261 1276 ex
284 1232 314 1297 7.
331 1211 500 1293 Metapl.,·
525 1213 582 1274 sed
598 1213 705 1294 angeli
730 1222 806 1275 sunt
832 1211 970 1294 separati
995 1233 1013 1273 a
1038 1209 1179 1272 materia:

220 1342 301 1402 ergo
323 1321 355 1382 in
385 1320 433 1382 eis
461 1329 510 1382 est
541 1320 628 1383 idem
652 1320 816 1401 quidditas
839 1328 872 1381 et
904 1319 983 1380 illud
1012 1318 1114 1398 cujus.
1135 1325 1183 1378 est

219 1427 392 1509 quidditas.
418 1425 482 1489 Sed
499 1427 605 1488 omnis
621 1426 800 1489 differentia
824 1426 1005 1488 secundum
1023 1424 1184 1506 quiddita·

220 1545 287 1598 tem
310 1544 359 1597 est
382 1532 547 1616 specifica;
572 1554 652 1615 ergo
675 1534 780 1615 angeli
804 1533 956 1595 differunt
979 1532 1095 1613 specie.

289 1658 317 1702 2.
335 1642 504 1714 Praeterea,
520 1640 700 1703 differentia
716 1639 859 1730 formalis
875 1648 923 1702 est
939 1637 1107 1721 specifica;
1128 1637 1182 1699 sed

221 1768 335 1810 omnes
363 1747 469 1829 angeli
499 1747 652 1809 differunt
687 1746 881 1821 formaliter;
910 1767 998 1828 ergo.
1033 1744 1183 1807 Probatio

221 1854 367 1938 masuris,
394 1863 466 1915 tum
490 1854 566 1934 quia
589 1853 704 1915 formae
729 1862 804 1928 sunt
827 1854 910 1946 sieut
939 1852 1066 1915 numeri
1089 1872 1130 1913 ex
1152 1869 1180 1934 7.

222 1959 390 2041 Metaplz.,·
414 1969 446 2022 et
470 1980 554 2021 unus
578 1980 732 2022 numerus
748 1959 854 2022 differt
870 1958 1018 2042 specifice
1041 1959 1083 2020 ab
1106 1957 1178 2031 alio;

221 2076 292 2129 tum
325 2067 402 2148 quia
433 2085 484 2128 10.
517 2065 664 2147 Metaplt.
696 2067 813 2129 dicitur
843 2067 933 2148 quod
966 2064 1129 2128 masculus
1150 2073 1181 2124 et

221 2173 357 2236 foemina
380 2194 446 2234 non
470 2173 622 2237 differunt
637 2173 753 2254 specie,
777 2173 854 2254 quia
870 2173 1022 2235 differunt
1051 2171 1181 2234 materia

219 2290 252 2343 et
274 2280 452 2343 differentia
476 2268 648 2341 materialis
672 2301 737 2342 non
760 2289 809 2342 est
832 2277 989 2361 specifica.
1012 2337 1015 2342 .

289 2403 317 2465 3.
350 2388 519 2459 Praeterea,
552 2387 659 2448 omnis
692 2385 797 2448 forma
828 2395 975 2468 separata
1003 2407 1022 2447 a
1051 2385 1183 2447 materia

222 2493 321 2556 habet
351 2493 382 2555 in
407 2514 440 2555 se
471 2502 576 2554 totam
608 2493 839 2574 perfectionem
871 2515 939 2556 suae
970 2493 1105 2574 speciei;
1130 2492 1182 2554 sed

220 2601 355 2682 angelus
378 2609 426 2661 est
449 2598 654 2679 hujusmodi;
679 2621 761 2682 ergo
777 2600 875 2664 habet
892 2601 923 2663 in
940 2621 974 2662 se
995 2608 1101 2662 totam
1118 2619 1180 2680 per·

221 2706 393 2769 lectionem
418 2727 486 2768 suae
502 2707 628 2788 speciei,
646 2716 679 2769 et
702 2708 746 2770 sic
769 2729 836 2770 non
858 2717 934 2770 sunt
957 2708 1065 2789 plures
1089 2707 1121 2768 in
1136 2727 1184 2768 ea·

143 2814 146 2819 ’
223 2813 299 2875 dem
324 2813 439 2894 specie.

287 2937 318 2997 4.
344 2920 512 2994 Praeterea,
530 2921 707 2982 multitudo
729 2921 970 2983 individuorum
987 2921 1048 2983 sub
1071 2921 1183 2983 eadem

221 3027 326 3107 specie
349 3036 399 3089 est
422 3037 553 3108 propter
577 3028 790 3090 salvationem
815 3028 931 3108 speciei
955 3029 1048 3108 cujus
1073 3027 1184 3091 indivi-

221 3133 286 3195 dua
309 3144 563 3214 corrumpuntur
585 3156 636 3196 ex.
654 3152 684 3196 2.
702 3135 740 3196 de
765 3135 901 3206 Anima,
924 3136 1010 3197 unde
1025 3135 1056 3196 in
1074 3157 1186 3218 corpo·

222 3240 310 3301 ribus
333 3240 519 3302 coelestibus
541 3242 618 3321 quia
641 3261 707 3303 non
742 3250 790 3303 est
814 3243 979 3323 corruptio
1003 3243 1035 3304 in
1059 3244 1114 3317 eis,
1139 3255 1186 3306 est

222 3355 351 3408 tantum
376 3368 478 3409 unum
496 3347 528 3408 in
552 3369 617 3410 una
633 3348 739 3428 specie
755 3349 837 3410 sicut
854 3369 937 3411 unus
954 3350 1011 3410 sol.
1038 3349 1102 3413 Sed
1119 3372 1185 3433 spe-

222 3453 286 3515 cies
297 3454 443 3535 angelica
459 3474 524 3516 non
538 3454 636 3516 habet
648 3455 816 3517 individua
830 3477 906 3536 quae
919 3468 1186 3539 corrumpantur;

222 3580 301 3642 ergo
324 3570 372 3623 est
396 3569 524 3622 tantum
550 3582 633 3623 unus
655 3563 791 3643 angelus
815 3563 846 3625 in
871 3583 936 3625 una
959 3564 1074 3644 specie.

295 3665 424 3730 Contra.
450 3667 602 3749 Angelus
625 3645 658 3730 el
681 3669 790 3730 anima
824 3679 900 3732 sunt
930 3679 1046 3733 natura
1075 3693 1167 3754 pares
1176 3695 1185 3751 ;
