2634 4267
339 887 661 997 Distinctio
712 885 840 994 XV.

162 1139 269 1215 Dixit
299 1138 428 1215 etiam
471 1139 596 1230 Dauo,
635 1139 871 1236 producant
895 1160 1023 1236 aquoe

461 1257 609 1360 reptile
641 1265 725 1342 eto.

114 1385 211 1454 Circa
233 1386 332 1449 istam
355 1386 444 1450 Dist.
469 1404 521 1469 15,
545 1396 624 1448 sunt
633 1387 697 1449 duo
712 1387 897 1467 quoerenda.
919 1387 1073 1450 Primum

480 1543 656 1627 QUAEsno
681 1546 704 1608 1.

163 1704 269 1759 Utrum
286 1703 317 1758 ln
335 1703 428 1758 mtxto
445 1705 581 1758 maneant
599 1703 740 1760 elementa
758 1704 913 1760 seeundum
931 1721 997 1760 suus
1016 1706 1073 1760 lor·

109 1807 173 1847 mus
191 1792 394 1848 substantiales
411 1793 442 1846 ln
459 1794 539 1848 solu.

179 1939 317 2002 Videtur
340 1938 431 2021 quod
454 1938 508 2014 sic,
533 1939 610 2020 quia
634 1939 751 2002 mixtio
782 1948 830 2002 est
865 1938 1072 2002 miscibilium

108 2046 321 2108 alteratorum
337 2045 424 2108 unio.
439 2045 494 2107 Ex
506 2065 573 2127 quo
585 2046 733 2128 arguitur
746 2046 933 2128 dupliciter:
949 2046 1074 2121 Prz'm0,

112 2152 188 2232 quia
211 2152 237 2215 si
260 2161 338 2215 sunt
360 2152 504 2227 alterata,
528 2173 608 2234 ergo
639 2173 705 2214 non
734 2162 810 2215 sunt
833 2162 996 2235 corrupta.
1023 2152 1076 2216 Se·

108 2259 225 2333 cundo,
249 2258 327 2341 quia
350 2258 375 2321 si
399 2267 474 2320 sunt
499 2259 598 2333 unita,
623 2279 702 2342 ergo
726 2280 792 2322 non
814 2269 889 2322 sunt
912 2269 1074 2342 corrupta,

111 2365 211 2428 etsie
237 2374 371 2427 manent
393 2364 426 2427 in
455 2374 541 2427 actu.

178 2489 207 2536 2.
235 2472 404 2546 Praeterea,
428 2471 567 2553 qualitas
589 2472 741 2534 elementi
761 2492 826 2534 non
850 2482 898 2535 est
921 2473 990 2535 sine
1013 2473 1076 2537 ele-

113 2587 235 2652 ment0‚
260 2594 289 2640 2.
314 2578 353 2640 de
375 2576 518 2654 Am'ma3
543 2578 599 2640 sed
623 2577 655 2640 in
682 2579 788 2641 mixto
810 2588 886 2641 sunt
903 2580 1076 2661 qualitates

109 2681 365 2761 elementorum3
389 2704 479 2766 ergo

181 2788 314 2855 Contra.
344 2790 380 2854 Si
412 2790 572 2853 elementa
608 2800 776 2853 manerent
810 2792 842 2853 in
877 2801 962 2866 actu,
998 2814 1075 2856 cum

114 2892 255 2960 habeant
278 2896 457 2959 contrarios
493 2905 603 2960 motus
636 2906 670 2960 et
701 2898 834 2979 quietes,
859 2908 937 2962 tunc
963 2920 1079 2962 unum-

113 3003 268 3086 quodque
291 3002 433 3065 mixtum
465 3003 621 3066 violenter
657 3014 843 3067 moveretur
877 3014 910 3068 et
933 3006 1076 3087 quiesce-

116 3117 169 3170 ret.
192 3111 369 3184 Prceterea,
393 3130 491 3173 omne
523 3111 743 3193 compositum
777 3132 821 3175 ex
855 3113 1021 3176 contrariis
1045 3113 1078 3176 in

115 3224 186 3278 actu
209 3225 260 3280 est
283 3216 508 3299 corruptibile:
532 3218 589 3280 sed
625 3217 728 3280 multa
763 3227 839 3280 sunt
874 3218 978 3282 mixta
1002 3240 1077 3302 quae

118 3337 179 3383 non
202 3332 468 3406 corrumpuntur,
493 3323 576 3386 sicut
599 3332 690 3405 patet
713 3325 754 3387 de
790 3325 896 3407 lapide
924 3335 957 3389 et
979 3345 1077 3388 auro:

118 3444 204 3508 ergo.
1004 3483 1008 3498 .

182 3534 389 3600 RESPONSIO
413 3534 466 3598 hic
489 3544 565 3599 sunt
587 3543 651 3599 tres
667 3536 817 3600 Articuli.
842 3539 879 3600 ln
897 3539 1007 3620 primo
1023 3559 1079 3620 po-

122 3647 236 3704 nuntur
258 3650 325 3705 tres
347 3641 516 3724 opiniones
539 3642 638 3705 falsae.
663 3644 699 3705 ln
722 3644 858 3706 secundo
881 3644 1005 3707 dicetur
1034 3665 1080 3707 se·
