2634 4267
379 261 564 324 Drsrmca.
589 262 603 324 Ι
628 260 816 343 Quasnl
1040 282 1061 344 9

109 468 192 529 dens
214 476 310 549 patet
334 487 376 529 ex
390 467 463 551 fine
486 486 536 532 12.
561 466 709 549 Metaplz.
734 467 789 549 ubi
813 469 979 532 concludit
1001 468 1079 533 Phi-

110 554 271 655 'loiophus
304 572 397 655 quod
428 583 587 637 unusuest
619 562 805 637 dominator
829 584 861 637 et
885 596 970 638 unus
995 577 1087 657 prin-

109 700 198 761 eepS.
228 678 468 762 Consequentia
484 680 640 762 probatur
656 681 840 763 dupliciter:
865 683 982 764 primu,
1007 684 1085 766 quia

111 808 210 849 ‘causa
226 788 373 849 efficiens
385 797 417 849 et
433 786 536 849 finalis
552 788 739 850 coincidunt
755 788 786 850 in
800 788 897 862 idem,
913 806 941 851 2.
956 788 1056 871 Phys.
1064 814 1080 864 ,·

117 894 269 968 secund0,
296 894 376 975 quia
399 914 455 956 ens
478 903 511 956 et
549 894 674 956 bonnm
714 904 967 976 convertuntur3
992 897 1083 977 quod

109 1029 194 1091 ergo
217 1010 329 1092 seipso
352 1018 401 1071 est
424 1030 489 1083 enS,
515 1010 621 1091 seipso
644 1019 692 1072 est
727 1009 862 1072 bonum.
888 1010 953 1074 Sed
991 1012 1081 1093 quod

112 1116 220 1196 teipso
243 1126 294 1179 est
319 1117 445 1178 bonum
470 1137 536 1178 non
559 1116 673 1178 estad
701 1116 790 1178 aliud
829 1116 954 1179 bonum
978 1126 1014 1179 ut
1037 1118 1079 1180 ad

118 1220 222 1284 finem.
248 1224 345 1305 Ergo
369 1243 426 1304 per
449 1223 648 1304 oppositum;
673 1223 763 1304 quod
786 1232 835 1285 est
858 1223 900 1285 ad
922 1224 1010 1286 aliud
1026 1224 1084 1286 bo-

121 1348 195 1389 num
219 1337 256 1390 ut
280 1329 327 1391 ad
350 1327 458 1402 finem,
484 1349 549 1391 non
573 1330 679 1411 seipso
702 1339 751 1392 est
774 1328 910 1404 bonum,
944 1351 1004 1393 nec
1034 1351 1082 1393 se-

120 1432 186 1514 ipso
208 1446 257 1498 est
293 1456 363 1498 ens.
389 1435 454 1499 Sed
493 1435 603 1498 omnia
626 1436 688 1498 alia
725 1436 812 1499 entia
834 1458 854 1498 a
877 1436 983 1519 primo
1007 1446 1083 1500 sunt

112 1538 323 1621 [hujusmodi;
348 1562 428 1624 ergo
451 1543 562 1605 omnia
584 1542 646 1605 alia
669 1543 755 1605 entia
783 1553 859 1606 sunt
875 1544 1025 1625 aprimo
1042 1554 1082 1607 ut

113 1646 159 1708 ab
182 1650 354 1711 efficiente.

183 1752 278 1823 Dico
314 1772 407 1842 ergo
445 1756 535 1837 quod
570 1755 759 1838 Philosophi
798 1776 863 1818 non
902 1766 1081 1839 posuerunt

115 1866 246 1923 ‘tantum
271 1863 407 1925 tertium
443 1872 487 1925 etv
509 1864 700 1937 secundum,
725 1863 902 1925 sedetiam
927 1864 1080 1944 primum.

124 1966 214 2029 Ratio
237 1990 320 2051 ergo
360 1964 518 2050 opinionis
556 1979 717 2051 quantum
756 1971 871 2043 valeat,
900 1970 1024 2051 patebit
1047 1971 1080 2032 in

116 2070 183 2135 nne
205 2074 408 2157 Quaestionis
431 2077 587 2140 solvendo
610 2085 843 2159 argumentum
868 2076 1054 2159 principale.
1103 2071 1111 2077 ’
1154 2072 1157 2077 ’

183 2286 312 2355 Nune
337 2289 464 2355 tertio
488 2287 581 2355 loeo
604 2298 734 2371 oportet
757 2288 866 2352 videre
889 2290 969 2372 quid
992 2290 1078 2352 dice-

126 2401 190 2454 rent
210 2394 374 2478 Theologi
398 2396 439 2457 ad
456 2396 551 2458 istam
572 2397 798 2478 quaestionem.
816 2396 882 2459 Ubi
899 2396 1081 2459 notandum
1117 2476 1120 2485 Ι

116 2500 208 2578 ·qn0d
242 2501 406 2584 Theologi
444 2502 554 2565 omnia
592 2512 720 2585 ponunt
758 2524 869 2566 essea
908 2503 981 2565 Deo
1005 2512 1083 2565 uta

124 2614 232 2669 natura
254 2608 468 2673 ineffectibilis
491 2610 573 2672 sicut
596 2631 615 2672 a
638 2630 737 2673 cansa
759 2609 906 2673 effectiva
922 2631 980 2690 per
996 2631 1084 2673 crea·

119 2709 252 2777 tionem.
278 2716 409 2779 Creatio
432 2736 519 2791 vern,
545 2725 581 2778 ut
603 2716 697 2798 ponit
720 2716 870 2779 Anselm.
897 2716 932 2778 in
968 2718 1080 2779 Mono-

120 2814 185 2898 ¹log.
206 2818 239 2883 8.
262 2830 313 2884 est
337 2821 472 2903 alicujus
503 2823 547 2885 rei
571 2823 612 2885 de
650 2822 770 2902 nihilo
789 2823 972 2904 productio
997 2823 1080 2885 Illud

119 2931 229 2988 antem
252 2929 292 2990 de
316 2927 422 2991 nihilo
450 2929 606 3010 importat
630 2929 794 3011 duplicem
818 2930 976 3005 ordinem,
1004 2929 1080 3011 quia

119 3025 273 3111 importat
296 3035 444 3097 ordinem
469 3044 594 3098 naturae
618 3045 649 3098 et
663 3036 810 3099 ordinem
827 3036 1015 3099 durationis.
1034 3036 1079 3098 Et

118 3140 298 3204 ·secundum
324 3141 386 3204 hoc
410 3151 548 3224 utroque
572 3144 673 3205 modo
708 3152 816 3226 potest
849 3164 918 3206 esse
947 3144 1089 3206 difficul-

120 3248 173 3303 ¹tas
194 3248 389 3327 quaestioniS.
420 3250 536 3312 Primo
559 3250 621 3312 sic:
647 3249 681 3313 Si
714 3250 825 3311 omnia
847 3251 933 3313 entia
963 3259 1038 3312 sunt
1061 3271 1081 3311 a

126 3348 226 3426 primo
240 3365 315 3418 ente
338 3355 379 3417 de
395 3355 504 3430 nihilo,
529 3365 565 3419 ut
581 3357 623 3419 de
647 3355 754 3422 nihilo
770 3357 848 3419 dicit
865 3357 1011 3419 ordinem
1028 3378 1084 3418 na-

122 3460 214 3520 ·turae.
228 3460 373 3525 Secundo
396 3463 486 3526 modo
503 3473 538 3526 ut
561 3464 602 3526 de
626 3462 732 3526 nihilo
747 3464 825 3526 dicit
848 3464 995 3525 ordinem
1020 3464 1085 3526 du-

125 3562 262 3632 rationis.
