2634 4267
256 272 260 279 ·
294 266 480 327 Dtsrmcn
506 263 621 327 XXIV
647 262 793 345 QUAEST.
819 264 849 325 II
988 278 1050 343 337

96 471 155 553 qui
181 491 305 534 omnes
328 480 456 552 ponunt
479 471 511 533 in
535 470 687 552 potentiis
702 470 821 533 animae
837 490 905 532 esse
922 470 1071 551 praeemi·

98 578 266 640 nentiam.
290 577 453 640 proterea
476 577 623 658 arguitur
639 598 697 658 per
720 576 879 639 rationem
903 577 964 639 sic:
982 576 1071 657 quod

97 684 319 747 constituitur
341 705 384 746 ex
408 684 554 765 pluribus
588 684 621 745 in
643 691 729 757 actu,
764 691 894 765 oportet
917 684 1007 764 quod
1038 704 1072 744 u-

98 812 183 853 num
210 791 336 853 habeat
358 790 516 853 rationem
552 790 727 852 nobilitatis
750 810 807 870 per
831 789 1066 871 Philosophum

98 917 129 960 1.
154 898 404 970 Politicorum;
429 898 485 959 sed
517 897 598 959 ratio
621 896 772 978 imaginis
806 906 933 959 constat
955 917 999 958 ex
1023 896 1072 958 his

99 1002 282 1085 potentiis,
307 1024 396 1085 ergo.

136 1156 142 1167 .
168 1112 236 1173 Ad
249 1111 400 1192 primum
423 1110 553 1173 alterius
572 1110 733 1191 opinionis
755 1110 871 1174 dicitur
895 1111 984 1192 quod
1006 1130 1071 1171 una

100 1217 257 1299 potentia
273 1218 410 1280 nobilior
425 1227 473 1282 est
489 1218 560 1291 alia,
585 1217 661 1298 quia
677 1217 806 1298 respicit
820 1218 991 1280 essentiam
1008 1216 1069 1279 sub

100 1325 260 1388 nobiliori
294 1325 427 1399 ratione,
464 1334 544 1406 puta
577 1324 644 1386 veri
667 1325 718 1385 vel
753 1324 839 1386 boni.
871 1360 915 1371 --
951 1323 1071 1387 Contra

100 1432 216 1495 adhuc
254 1440 317 1493 stat
351 1440 592 1513 argumentum,
629 1431 706 1513 quia
739 1452 853 1493 verum
877 1440 909 1493 et
945 1432 1069 1494 bonum

99 1549 177 1601 sunt
202 1539 347 1601 rationes
370 1538 571 1600 attributales
593 1548 625 1600 et
648 1538 803 1619 quaelibet
826 1548 874 1600 est
897 1536 1001 1599 forma
1027 1538 1073 1599 in-

99 1644 216 1735 finita3
243 1666 323 1728 ergo
352 1667 422 1708 una
445 1666 511 1708 non
534 1655 583 1707 est
617 1645 755 1707 nobilior
777 1646 849 1708 alia.
874 1646 948 1707 Ideo
972 1655 1075 1726 potest

103 1752 181 1826 dici,
195 1753 292 1834 quod
314 1752 384 1814 istae
405 1752 559 1833 potentiae
583 1752 722 1833 sumptis
756 1751 932 1815 formaliter
963 1772 1073 1814 secun·

103 1859 185 1921 dum
212 1859 381 1941 propriam
405 1858 576 1921 essentiam
600 1867 633 1921 et
655 1859 824 1921 entitatem
848 1880 913 1920 una
944 1859 1073 1921 excedit

105 1973 137 2027 et
159 1966 227 2029 alia
251 1966 431 2028 exceditur.
744 2047 747 2051 Ι

171 2074 236 2135 Ad
255 2073 429 2135 secundum
465 2072 582 2134 dicitur
605 2072 787 2153 tripliciter:
822 2072 937 2135 Primo
965 2066 1067 2146 modo,

106 2180 198 2258 quod
225 2179 365 2260 Spiritus
400 2179 540 2243 Sanctus
563 2199 629 2252 uno
665 2179 765 2241 modo
779 2189 837 2268 'est
860 2180 996 2241 nobilior
1020 2180 1067 2241 in-

106 2296 272 2364 quantum
289 2286 435 2367 procedit
447 2307 505 2368 per
528 2286 665 2347 modum
682 2286 866 2359 voluntatis,
891 2286 954 2347 alio
971 2287 1071 2359 modo

108 2389 209 2455 Filius
234 2402 283 2455 est
305 2393 442 2455 nobilior
465 2393 542 2474 quia
566 2391 665 2455 habet
687 2393 754 2454 vim
778 2394 1005 2474 productivum
1023 2414 1071 2455 re-

106 2508 223 2578 spectu
248 2499 387 2581 Spiritus
410 2499 520 2563 Sancti
544 2500 755 2580 producendi.
779 2536 824 2547 -
848 2499 992 2562 Secundo
1015 2500 1069 2573 sic,

108 2607 199 2684 quod
225 2606 285 2668 ista
308 2607 458 2668 voluntas
482 2615 589 2688 potest
612 2607 807 2668 considerari
834 2608 884 2668 vel
908 2616 1069 2687 quantum

108 2711 149 2771 ad
165 2713 377 2793 productum,
389 2714 439 2775 vel
455 2721 615 2794 quantum
640 2713 682 2774 ad
699 2713 835 2774 modum
856 2714 1067 2794 producendi.

109 2816 143 2879 Si
166 2820 275 2901 primo
300 2819 409 2894 modo,
433 2829 512 2882 tunc
535 2820 641 2881 omnis
665 2820 746 2882 ratio
771 2820 932 2901 pertinens
956 2821 997 2882 ad
1021 2820 1069 2881 di-

110 2925 268 3004 gnitatem
292 2947 367 3007 quae
391 2936 440 2988 est
461 2926 494 2988 in
519 2926 640 3008 Spiritu
677 2926 798 2991 Sancto
820 2936 868 2990 est
903 2928 934 2989 in
970 2926 1062 2991 Filio.

96 3029 142 3109 ¹Si
165 3034 311 3097 secundo
343 3034 453 3109 m0d0,
477 3043 556 3096 tunc
590 3035 787 3096 concedatur
821 3034 910 3114 quod
935 3054 998 3095 una
1022 3041 1070 3095 est

110 3138 247 3201 nobilior
262 3140 371 3204 altera.
392 3176 437 3187 —
459 3140 563 3203 Tertio
586 3149 668 3220 puto
684 3161 752 3202 esse
774 3140 959 3213 dicendum,
977 3140 1066 3221 quod

110 3244 189 3307 ratio
213 3266 280 3309 non
303 3246 389 3308 valet
414 3246 445 3308 in
469 3246 647 3327 proposito,
672 3247 749 3328 quia
772 3246 928 3330 quaeritur
952 3245 1004 3307 hic
1027 3247 1068 3309 de

110 3350 277 3415 voluntate
300 3361 337 3414 ut
359 3362 408 3415 est
431 3374 505 3434 pars
527 3353 678 3434 imaginis
713 3362 838 3426 creatae,
864 3374 929 3415 non
952 3361 1064 3414 autem

110 3464 145 3517 ut
166 3469 215 3521 est
239 3480 314 3540 pars
329 3459 479 3541 imaginis
502 3460 663 3533 increatae,
680 3460 763 3522 sicut
786 3469 821 3522 tu
834 3459 968 3540 accipis3
993 3479 1070 3520 nam

112 3559 153 3623 ibi
175 3566 321 3628 concedo
344 3566 433 3648 quod
457 3588 522 3628 non
546 3574 595 3628 est
625 3566 878 3647 praeeminentia,
903 3566 959 3627 sed
983 3585 1070 3647 quae-

962 3696 991 3738 22
