<?xml version="1.0" encoding="UTF-8"?>
<!DOCTYPE html PUBLIC "-//W3C//DTD XHTML 1.0 Transitional//EN"
    "http://www.w3.org/TR/xhtml1/DTD/xhtml1-transitional.dtd">
<html xmlns="http://www.w3.org/1999/xhtml" xml:lang="en" lang="en">
 <head>
  <title>
</title>
<meta http-equiv="Content-Type" content="text/html;charset=utf-8" />
  <meta name='ocr-system' content='tesseract 3.04.00' />
  <meta name='ocr-capabilities' content='ocr_page ocr_carea ocr_par ocr_line ocrx_word'/>
</head>
<body>
  <div class='ocr_page' id='page_1' title='image "./commentariainli00scotgoog_0285.png"; bbox 0 0 2634 4267; ppageno 0'>
   <div class='ocr_carea' id='block_1_1' title="bbox 294 302 1135 381">
    <p class='ocr_par' dir='ltr' id='par_1_1' title="bbox 294 302 1135 381">
     <span class='ocr_line' id='line_1_1' title="bbox 294 302 1135 381; baseline 0.011 -18"><span class='ocrx_word' id='word_1_1' title='bbox 294 303 478 364; x_wconf 75' lang='lat' dir='ltr'>D1sr1Ncs.</span> <span class='ocrx_word' id='word_1_2' title='bbox 504 302 584 363; x_wconf 89' lang='lat' dir='ltr'>XVI</span> <span class='ocrx_word' id='word_1_3' title='bbox 608 315 747 377; x_wconf 77' lang='lat' dir='ltr'>QoAEsr.</span> <span class='ocrx_word' id='word_1_4' title='bbox 773 303 786 363; x_wconf 91' lang='grc' dir='ltr'>Ι</span> <span class='ocrx_word' id='word_1_5' title='bbox 976 317 1037 381; x_wconf 79' lang='lat'>273</span> <span class='ocrx_word' id='word_1_6' title='bbox 1132 326 1135 332; x_wconf 93' lang='lat'>·</span> 
     </span>
    </p>
   </div>
   <div class='ocr_carea' id='block_1_2' title="bbox 96 505 1063 3131">
    <p class='ocr_par' dir='ltr' id='par_1_2' title="bbox 96 505 1063 800">
     <span class='ocr_line' id='line_1_2' title="bbox 100 505 1060 588; baseline 0.001 -20"><span class='ocrx_word' id='word_1_7' title='bbox 100 515 131 568; x_wconf 91' lang='lat' dir='ltr'>et</span> <span class='ocrx_word' id='word_1_8' title='bbox 152 515 235 569; x_wconf 90' lang='lat' dir='ltr'>tunc</span> <span class='ocrx_word' id='word_1_9' title='bbox 259 528 335 568; x_wconf 87' lang='lat' dir='ltr'>cum</span> <span class='ocrx_word' id='word_1_10' title='bbox 367 507 476 567; x_wconf 89' lang='lat' dir='ltr'>anima</span> <span class='ocrx_word' id='word_1_11' title='bbox 499 527 541 568; x_wconf 90' lang='lat' dir='ltr'>ex</span> <span class='ocrx_word' id='word_1_12' title='bbox 564 506 614 568; x_wconf 88' lang='lat' dir='ltr'>sui</span> <span class='ocrx_word' id='word_1_13' title='bbox 646 505 843 587; x_wconf 82' lang='lat' dir='ltr'><strong>perfectione</strong></span> <span class='ocrx_word' id='word_1_14' title='bbox 866 507 967 588; x_wconf 86' lang='lat' dir='ltr'>possit</span> <span class='ocrx_word' id='word_1_15' title='bbox 990 506 1060 569; x_wconf 88' lang='lat' dir='ltr'>sun-</span> 
     </span>
     <span class='ocr_line' id='line_1_3' title="bbox 97 613 1063 696; baseline 0.001 -22"><span class='ocrx_word' id='word_1_16' title='bbox 97 613 173 675; x_wconf 87' lang='lat' dir='ltr'>dare</span> <span class='ocrx_word' id='word_1_17' title='bbox 211 614 339 675; x_wconf 83' lang='lat' dir='ltr'>diversa</span> <span class='ocrx_word' id='word_1_18' title='bbox 372 613 552 676; x_wconf 89' lang='lat' dir='ltr'>accidentia</span> <span class='ocrx_word' id='word_1_19' title='bbox 575 613 781 687; x_wconf 74' lang='lat' dir='ltr'>invariabilis,</span> <span class='ocrx_word' id='word_1_20' title='bbox 819 613 922 675; x_wconf 86' lang='lat' dir='ltr'>multo</span> <span class='ocrx_word' id='word_1_21' title='bbox 959 613 1063 696; x_wconf 89' lang='lat' dir='ltr'>magis</span> 
     </span>
     <span class='ocr_line' id='line_1_4' title="bbox 96 720 469 800; baseline 0 -18"><span class='ocrx_word' id='word_1_22' title='bbox 96 720 216 800; x_wconf 91' lang='lat' dir='ltr'>poterit</span> <span class='ocrx_word' id='word_1_23' title='bbox 239 729 271 782; x_wconf 89' lang='lat' dir='ltr'>et</span> <span class='ocrx_word' id='word_1_24' title='bbox 296 720 469 782; x_wconf 86' lang='lat' dir='ltr'>variabilia.</span> 
     </span>
    </p>

    <p class='ocr_par' dir='ltr' id='par_1_3' title="bbox 96 826 1062 1238">
     <span class='ocr_line' id='line_1_5' title="bbox 160 826 1062 908; baseline 0 -20"><span class='ocrx_word' id='word_1_25' title='bbox 160 827 223 888; x_wconf 84' lang='lat' dir='ltr'>Ad</span> <span class='ocrx_word' id='word_1_26' title='bbox 242 826 395 908; x_wconf 78' lang='lat' dir='ltr'>quintum</span> <span class='ocrx_word' id='word_1_27' title='bbox 419 847 505 908; x_wconf 87' lang='lat' dir='ltr'>nego</span> <span class='ocrx_word' id='word_1_28' title='bbox 529 827 788 908; x_wconf 87' lang='lat' dir='ltr'>proportionem,</span> <span class='ocrx_word' id='word_1_29' title='bbox 824 826 900 908; x_wconf 89' lang='lat' dir='ltr'>quia</span> <span class='ocrx_word' id='word_1_30' title='bbox 922 847 986 888; x_wconf 82' lang='lat' dir='ltr'>esse</span> <span class='ocrx_word' id='word_1_31' title='bbox 1014 835 1062 888; x_wconf 88' lang='lat' dir='ltr'>est</span> 
     </span>
     <span class='ocr_line' id='line_1_6' title="bbox 97 931 1061 1016; baseline 0.001 -24"><span class='ocrx_word' id='word_1_32' title='bbox 97 932 182 995; x_wconf 91' lang='lat' dir='ltr'>idem</span> <span class='ocrx_word' id='word_1_33' title='bbox 209 933 334 996; x_wconf 88' lang='lat' dir='ltr'>realiter</span> <span class='ocrx_word' id='word_1_34' title='bbox 350 933 440 1016; x_wconf 87' lang='lat' dir='ltr'>quod</span> <span class='ocrx_word' id='word_1_35' title='bbox 463 932 610 1005; x_wconf 79' lang='lat' dir='ltr'>essentia,</span> <span class='ocrx_word' id='word_1_36' title='bbox 639 943 676 995; x_wconf 92' lang='lat' dir='ltr'>nt</span> <span class='ocrx_word' id='word_1_37' title='bbox 692 942 782 1015; x_wconf 88' lang='lat' dir='ltr'>patet</span> <span class='ocrx_word' id='word_1_38' title='bbox 805 953 848 995; x_wconf 88' lang='lat' dir='ltr'>ex</span> <span class='ocrx_word' id='word_1_39' title='bbox 873 931 998 1013; x_wconf 85' lang='lat' dir='ltr'>Quaest.</span> <span class='ocrx_word' id='word_1_40' title='bbox 1019 933 1061 994; x_wconf 92' lang='lat' dir='ltr'>de</span> 
     </span>
     <span class='ocr_line' id='line_1_7' title="bbox 97 1039 1061 1122; baseline 0 -22"><span class='ocrx_word' id='word_1_41' title='bbox 97 1040 336 1122; x_wconf 88' lang='lat' dir='ltr'>compositione</span> <span class='ocrx_word' id='word_1_42' title='bbox 359 1040 568 1122; x_wconf 78' lang='lat' dir='ltr'>angelorum3</span> <span class='ocrx_word' id='word_1_43' title='bbox 593 1040 649 1102; x_wconf 90' lang='lat' dir='ltr'>sed</span> <span class='ocrx_word' id='word_1_44' title='bbox 666 1039 805 1121; x_wconf 81' lang='lat' dir='ltr'>operatio</span> <span class='ocrx_word' id='word_1_45' title='bbox 829 1060 895 1102; x_wconf 93' lang='lat' dir='ltr'>non</span> <span class='ocrx_word' id='word_1_46' title='bbox 910 1049 959 1102; x_wconf 90' lang='lat' dir='ltr'>est</span> <span class='ocrx_word' id='word_1_47' title='bbox 975 1039 1061 1102; x_wconf 90' lang='lat' dir='ltr'>idem</span> 
     </span>
     <span class='ocr_line' id='line_1_8' title="bbox 96 1146 422 1238; baseline 0.003 -30"><span class='ocrx_word' id='word_1_48' title='bbox 96 1147 186 1228; x_wconf 90' lang='lat' dir='ltr'>quod</span> <span class='ocrx_word' id='word_1_49' title='bbox 213 1146 372 1229; x_wconf 90' lang='lat' dir='ltr'>potentia.</span> <span class='ocrx_word' id='word_1_50' title='bbox 418 1222 422 1238; x_wconf 90' lang='lat'><strong><em>.</em></strong></span> 
     </span>
    </p>

    <p class='ocr_par' dir='ltr' id='par_1_4' title="bbox 97 1252 1062 1868">
     <span class='ocr_line' id='line_1_9' title="bbox 161 1252 1062 1336; baseline 0 -21"><span class='ocrx_word' id='word_1_51' title='bbox 161 1255 224 1316; x_wconf 85' lang='lat' dir='ltr'>Ad</span> <span class='ocrx_word' id='word_1_52' title='bbox 243 1265 383 1327; x_wconf 78' lang='lat' dir='ltr'>sextum,</span> <span class='ocrx_word' id='word_1_53' title='bbox 411 1253 581 1336; x_wconf 89' lang='lat' dir='ltr'>supposito</span> <span class='ocrx_word' id='word_1_54' title='bbox 604 1254 694 1334; x_wconf 88' lang='lat' dir='ltr'>quod</span> <span class='ocrx_word' id='word_1_55' title='bbox 718 1253 822 1316; x_wconf 87' lang='lat' dir='ltr'>forma</span> <span class='ocrx_word' id='word_1_56' title='bbox 854 1273 919 1315; x_wconf 94' lang='lat' dir='ltr'>non</span> <span class='ocrx_word' id='word_1_57' title='bbox 950 1252 1062 1334; x_wconf 87' lang='lat' dir='ltr'>recipit</span> 
     </span>
     <span class='ocr_line' id='line_1_10' title="bbox 97 1343 1061 1442; baseline 0.001 -21"><span class='ocrx_word' id='word_1_58' title='bbox 97 1361 204 1442; x_wconf 88' lang='lat' dir='ltr'>magis</span> <span class='ocrx_word' id='word_1_59' title='bbox 229 1370 286 1423; x_wconf 89' lang='lat' dir='ltr'>aut</span> <span class='ocrx_word' id='word_1_60' title='bbox 319 1361 436 1435; x_wconf 69' lang='lat' dir='ltr'>minus</span> <span class='ocrx_word' id='word_1_61' title='bbox 460 1343 550 1442; x_wconf 70' lang='lat' dir='ltr'>quod</span> <span class='ocrx_word' id='word_1_62' title='bbox 581 1368 710 1423; x_wconf 85' lang='lat' dir='ltr'>tantum</span> <span class='ocrx_word' id='word_1_63' title='bbox 734 1367 781 1422; x_wconf 90' lang='lat' dir='ltr'>est</span> <span class='ocrx_word' id='word_1_64' title='bbox 815 1359 963 1434; x_wconf 87' lang='lat' dir='ltr'>dubium,</span> <span class='ocrx_word' id='word_1_65' title='bbox 988 1359 1061 1422; x_wconf 92' lang='lat' dir='ltr'>dico</span> 
     </span>
     <span class='ocr_line' id='line_1_11' title="bbox 97 1465 1062 1550; baseline -0.002 -20"><span class='ocrx_word' id='word_1_66' title='bbox 97 1469 187 1548; x_wconf 91' lang='lat' dir='ltr'>quod</span> <span class='ocrx_word' id='word_1_67' title='bbox 213 1468 360 1550; x_wconf 88' lang='lat' dir='ltr'>potentia</span> <span class='ocrx_word' id='word_1_68' title='bbox 394 1467 574 1538; x_wconf 83' lang='lat' dir='ltr'>secundum</span> <span class='ocrx_word' id='word_1_69' title='bbox 598 1487 633 1529; x_wconf 89' lang='lat' dir='ltr'>se</span> <span class='ocrx_word' id='word_1_70' title='bbox 657 1487 724 1529; x_wconf 92' lang='lat' dir='ltr'>non</span> <span class='ocrx_word' id='word_1_71' title='bbox 759 1466 871 1548; x_wconf 89' lang='lat' dir='ltr'>recipit</span> <span class='ocrx_word' id='word_1_72' title='bbox 896 1465 1000 1548; x_wconf 84' lang='lat' dir='ltr'>magis</span> <span class='ocrx_word' id='word_1_73' title='bbox 1029 1475 1062 1528; x_wconf 91' lang='lat' dir='ltr'>et</span> 
     </span>
     <span class='ocr_line' id='line_1_12' title="bbox 98 1573 1062 1655; baseline -0.002 -20"><span class='ocrx_word' id='word_1_74' title='bbox 98 1574 216 1636; x_wconf 85' lang='lat' dir='ltr'>minus.</span> <span class='ocrx_word' id='word_1_75' title='bbox 242 1575 286 1637; x_wconf 90' lang='lat' dir='ltr'>Et</span> <span class='ocrx_word' id='word_1_76' title='bbox 310 1595 387 1636; x_wconf 89' lang='lat' dir='ltr'>cnm</span> <span class='ocrx_word' id='word_1_77' title='bbox 404 1574 493 1648; x_wconf 84' lang='lat' dir='ltr'>dicis,</span> <span class='ocrx_word' id='word_1_78' title='bbox 517 1574 606 1655; x_wconf 90' lang='lat' dir='ltr'>quod</span> <span class='ocrx_word' id='word_1_79' title='bbox 625 1594 709 1635; x_wconf 86' lang='lat' dir='ltr'>unus</span> <span class='ocrx_word' id='word_1_80' title='bbox 732 1583 781 1635; x_wconf 88' lang='lat' dir='ltr'>est</span> <span class='ocrx_word' id='word_1_81' title='bbox 805 1573 1001 1654; x_wconf 88' lang='lat' dir='ltr'>ingeniosior</span> <span class='ocrx_word' id='word_1_82' title='bbox 1017 1573 1062 1634; x_wconf 95' lang='lat' dir='ltr'>al-</span> 
     </span>
     <span class='ocr_line' id='line_1_13' title="bbox 97 1679 1061 1762; baseline 0 -22"><span class='ocrx_word' id='word_1_83' title='bbox 97 1688 176 1756; x_wconf 86' lang='lat' dir='ltr'>tero,</span> <span class='ocrx_word' id='word_1_84' title='bbox 202 1681 278 1743; x_wconf 92' lang='lat' dir='ltr'>dico</span> <span class='ocrx_word' id='word_1_85' title='bbox 301 1681 390 1762; x_wconf 90' lang='lat' dir='ltr'>quod</span> <span class='ocrx_word' id='word_1_86' title='bbox 414 1679 477 1743; x_wconf 92' lang='lat' dir='ltr'>hoc</span> <span class='ocrx_word' id='word_1_87' title='bbox 511 1689 560 1742; x_wconf 92' lang='lat' dir='ltr'>est</span> <span class='ocrx_word' id='word_1_88' title='bbox 582 1689 714 1762; x_wconf 88' lang='lat' dir='ltr'>propter</span> <span class='ocrx_word' id='word_1_89' title='bbox 750 1699 874 1762; x_wconf 84' lang='lat' dir='ltr'>organa</span> <span class='ocrx_word' id='word_1_90' title='bbox 909 1681 991 1741; x_wconf 92' lang='lat' dir='ltr'>bene</span> <span class='ocrx_word' id='word_1_91' title='bbox 1015 1680 1061 1741; x_wconf 92' lang='lat' dir='ltr'>di-</span> 
     </span>
     <span class='ocr_line' id='line_1_14' title="bbox 99 1789 231 1868; baseline 0.015 -21"><span class='ocrx_word' id='word_1_92' title='bbox 99 1789 231 1868; x_wconf 86' lang='lat' dir='ltr'>sposita.</span> 
     </span>
    </p>

    <p class='ocr_par' dir='ltr' id='par_1_5' title="bbox 100 1893 1062 2083">
     <span class='ocr_line' id='line_1_15' title="bbox 163 1893 1062 1976; baseline -0.001 -20"><span class='ocrx_word' id='word_1_93' title='bbox 163 1893 226 1956; x_wconf 79' lang='lat' dir='ltr'>Ad</span> <span class='ocrx_word' id='word_1_94' title='bbox 244 1893 416 1976; x_wconf 81' lang='lat' dir='ltr'>septimum</span> <span class='ocrx_word' id='word_1_95' title='bbox 440 1893 514 1956; x_wconf 89' lang='lat' dir='ltr'>dico</span> <span class='ocrx_word' id='word_1_96' title='bbox 538 1894 629 1975; x_wconf 88' lang='lat' dir='ltr'>quod</span> <span class='ocrx_word' id='word_1_97' title='bbox 656 1893 850 1957; x_wconf 88' lang='lat' dir='ltr'>Aristoteles</span> <span class='ocrx_word' id='word_1_98' title='bbox 873 1893 990 1975; x_wconf 88' lang='lat' dir='ltr'>accipit</span> <span class='ocrx_word' id='word_1_99' title='bbox 1018 1893 1062 1966; x_wconf 73' lang='lat' dir='ltr'>ibi</span> 
     </span>
     <span class='ocr_line' id='line_1_16' title="bbox 100 1998 972 2083; baseline -0.002 -19"><span class='ocrx_word' id='word_1_100' title='bbox 100 2001 282 2082; x_wconf 89' lang='lat' dir='ltr'>potentiam</span> <span class='ocrx_word' id='word_1_101' title='bbox 307 2021 367 2082; x_wconf 93' lang='lat' dir='ltr'>pro</span> <span class='ocrx_word' id='word_1_102' title='bbox 391 2001 541 2083; x_wconf 89' lang='lat' dir='ltr'>quadam</span> <span class='ocrx_word' id='word_1_103' title='bbox 559 1998 711 2063; x_wconf 84' lang='lat' dir='ltr'>facilitate</span> <span class='ocrx_word' id='word_1_104' title='bbox 733 2009 765 2063; x_wconf 94' lang='lat' dir='ltr'>et</span> <span class='ocrx_word' id='word_1_105' title='bbox 789 2000 972 2062; x_wconf 88' lang='lat' dir='ltr'>idoneitate.</span> 
     </span>
    </p>

    <p class='ocr_par' dir='ltr' id='par_1_6' title="bbox 100 2106 1063 2295">
     <span class='ocr_line' id='line_1_17' title="bbox 164 2106 1063 2189; baseline -0.002 -19"><span class='ocrx_word' id='word_1_106' title='bbox 164 2107 226 2170; x_wconf 78' lang='lat' dir='ltr'>Ad</span> <span class='ocrx_word' id='word_1_107' title='bbox 245 2118 393 2170; x_wconf 84' lang='lat' dir='ltr'>octavum</span> <span class='ocrx_word' id='word_1_108' title='bbox 416 2106 541 2189; x_wconf 91' lang='lat' dir='ltr'>patebit</span> <span class='ocrx_word' id='word_1_109' title='bbox 562 2128 606 2168; x_wconf 89' lang='lat' dir='ltr'>ex</span> <span class='ocrx_word' id='word_1_110' title='bbox 630 2124 659 2170; x_wconf 87' lang='lat'>2.</span> <span class='ocrx_word' id='word_1_111' title='bbox 686 2106 836 2170; x_wconf 86' lang='lat' dir='ltr'>Conclus.</span> <span class='ocrx_word' id='word_1_112' title='bbox 871 2106 994 2188; x_wconf 81' lang='lat' dir='ltr'>quintae</span> <span class='ocrx_word' id='word_1_113' title='bbox 1025 2126 1063 2168; x_wconf 93' lang='lat' dir='ltr'>o-</span> 
     </span>
     <span class='ocr_line' id='line_1_18' title="bbox 100 2213 248 2295; baseline 0.007 -20"><span class='ocrx_word' id='word_1_114' title='bbox 100 2213 248 2295; x_wconf 91' lang='lat' dir='ltr'>pinionis.</span> 
     </span>
    </p>

    <p class='ocr_par' dir='ltr' id='par_1_7' title="bbox 100 2319 1063 2616">
     <span class='ocr_line' id='line_1_19' title="bbox 164 2319 1063 2401; baseline 0 -19"><span class='ocrx_word' id='word_1_115' title='bbox 164 2321 226 2383; x_wconf 86' lang='lat' dir='ltr'>Ad</span> <span class='ocrx_word' id='word_1_116' title='bbox 246 2341 369 2382; x_wconf 71' lang='lat' dir='ltr'>itanum</span> <span class='ocrx_word' id='word_1_117' title='bbox 392 2320 540 2383; x_wconf 89' lang='lat' dir='ltr'>concedo</span> <span class='ocrx_word' id='word_1_118' title='bbox 563 2320 653 2401; x_wconf 90' lang='lat' dir='ltr'>quod</span> <span class='ocrx_word' id='word_1_119' title='bbox 673 2320 831 2385; x_wconf 88' lang='lat' dir='ltr'>univocus</span> <span class='ocrx_word' id='word_1_120' title='bbox 854 2319 987 2382; x_wconf 85' lang='lat' dir='ltr'>effectus</span> <span class='ocrx_word' id='word_1_121' title='bbox 1010 2320 1063 2382; x_wconf 91' lang='lat' dir='ltr'>de·</span> 
     </span>
     <span class='ocr_line' id='line_1_20' title="bbox 100 2425 1061 2507; baseline -0.001 -18"><span class='ocrx_word' id='word_1_122' title='bbox 100 2425 154 2490; x_wconf 87' lang='lat' dir='ltr'>bet</span> <span class='ocrx_word' id='word_1_123' title='bbox 175 2426 345 2490; x_wconf 89' lang='lat' dir='ltr'>assimilari</span> <span class='ocrx_word' id='word_1_124' title='bbox 368 2447 436 2488; x_wconf 87' lang='lat' dir='ltr'>suae</span> <span class='ocrx_word' id='word_1_125' title='bbox 460 2447 577 2502; x_wconf 88' lang='lat' dir='ltr'>causae,</span> <span class='ocrx_word' id='word_1_126' title='bbox 609 2427 666 2489; x_wconf 93' lang='lat' dir='ltr'>sed</span> <span class='ocrx_word' id='word_1_127' title='bbox 689 2427 721 2488; x_wconf 94' lang='lat' dir='ltr'>in</span> <span class='ocrx_word' id='word_1_128' title='bbox 745 2426 850 2489; x_wconf 88' lang='lat' dir='ltr'>causis</span> <span class='ocrx_word' id='word_1_129' title='bbox 885 2425 1061 2507; x_wconf 89' lang='lat' dir='ltr'>aequivocis</span> 
     </span>
     <span class='ocr_line' id='line_1_21' title="bbox 101 2525 765 2616; baseline 0.006 -22"><span class='ocrx_word' id='word_1_130' title='bbox 101 2553 164 2596; x_wconf 94' lang='lat' dir='ltr'>non</span> <span class='ocrx_word' id='word_1_131' title='bbox 189 2525 330 2615; x_wconf 77' lang='lat' dir='ltr'>oportet,</span> <span class='ocrx_word' id='word_1_132' title='bbox 355 2532 438 2595; x_wconf 88' lang='lat' dir='ltr'>sicut</span> <span class='ocrx_word' id='word_1_133' title='bbox 461 2542 510 2596; x_wconf 92' lang='lat' dir='ltr'>est</span> <span class='ocrx_word' id='word_1_134' title='bbox 532 2533 564 2594; x_wconf 94' lang='lat' dir='ltr'>in</span> <span class='ocrx_word' id='word_1_135' title='bbox 588 2533 765 2616; x_wconf 80' lang='lat' dir='ltr'>proposito</span> 
     </span>
    </p>

    <p class='ocr_par' dir='ltr' id='par_1_8' title="bbox 102 2639 1062 2829">
     <span class='ocr_line' id='line_1_22' title="bbox 171 2639 1062 2703; baseline 0 0"><span class='ocrx_word' id='word_1_136' title='bbox 171 2641 232 2703; x_wconf 82' lang='lat' dir='ltr'>Ad</span> <span class='ocrx_word' id='word_1_137' title='bbox 243 2639 405 2702; x_wconf 78' lang='lat' dir='ltr'>decimum</span> <span class='ocrx_word' id='word_1_138' title='bbox 428 2639 502 2702; x_wconf 89' lang='lat' dir='ltr'>dico</span> <span class='ocrx_word' id='word_1_139' title='bbox 517 2640 634 2702; x_wconf 89' lang='lat' dir='ltr'>eodem</span> <span class='ocrx_word' id='word_1_140' title='bbox 651 2641 751 2703; x_wconf 92' lang='lat' dir='ltr'>modo</span> <span class='ocrx_word' id='word_1_141' title='bbox 767 2639 850 2702; x_wconf 89' lang='lat' dir='ltr'>sicut</span> <span class='ocrx_word' id='word_1_142' title='bbox 873 2639 997 2702; x_wconf 89' lang='lat' dir='ltr'>dictum</span> <span class='ocrx_word' id='word_1_143' title='bbox 1014 2649 1062 2703; x_wconf 84' lang='lat' dir='ltr'>est</span> 
     </span>
     <span class='ocr_line' id='line_1_23' title="bbox 102 2748 332 2829; baseline 0 -22"><span class='ocrx_word' id='word_1_144' title='bbox 102 2748 141 2809; x_wconf 87' lang='lat' dir='ltr'>ad</span> <span class='ocrx_word' id='word_1_145' title='bbox 165 2755 332 2829; x_wconf 84' lang='lat' dir='ltr'>quartum.</span> 
     </span>
    </p>

    <p class='ocr_par' dir='ltr' id='par_1_9' title="bbox 100 2853 1062 3131">
     <span class='ocr_line' id='line_1_24' title="bbox 164 2853 1062 2934; baseline 0 -18"><span class='ocrx_word' id='word_1_146' title='bbox 164 2853 225 2916; x_wconf 80' lang='lat' dir='ltr'>Ad</span> <span class='ocrx_word' id='word_1_147' title='bbox 245 2853 399 2915; x_wconf 84' lang='lat' dir='ltr'>ultimum</span> <span class='ocrx_word' id='word_1_148' title='bbox 430 2861 519 2934; x_wconf 89' lang='lat' dir='ltr'>patet</span> <span class='ocrx_word' id='word_1_149' title='bbox 542 2874 599 2934; x_wconf 90' lang='lat' dir='ltr'>per</span> <span class='ocrx_word' id='word_1_150' title='bbox 629 2853 708 2916; x_wconf 88' lang='lat' dir='ltr'>illud</span> <span class='ocrx_word' id='word_1_151' title='bbox 742 2854 832 2934; x_wconf 86' lang='lat' dir='ltr'>quod</span> <span class='ocrx_word' id='word_1_152' title='bbox 867 2854 1062 2916; x_wconf 89' lang='lat' dir='ltr'>dictumest</span> 
     </span>
     <span class='ocr_line' id='line_1_25' title="bbox 100 2959 1062 3042; baseline 0.001 -21"><span class='ocrx_word' id='word_1_153' title='bbox 100 2961 187 3025; x_wconf 83' lang='lat' dir='ltr'>Dist.</span> <span class='ocrx_word' id='word_1_154' title='bbox 211 2979 243 3024; x_wconf 89' lang='lat'>2.</span> <span class='ocrx_word' id='word_1_155' title='bbox 267 2969 377 3042; x_wconf 80' lang='lat' dir='ltr'>quoest.</span> <span class='ocrx_word' id='word_1_156' title='bbox 403 2959 482 3022; x_wconf 84' lang='lat' dir='ltr'>illa:</span> <span class='ocrx_word' id='word_1_157' title='bbox 506 2980 547 3021; x_wconf 89' lang='lat' dir='ltr'>an</span> <span class='ocrx_word' id='word_1_158' title='bbox 573 2959 724 3042; x_wconf 87' lang='lat' dir='ltr'>Angelus</span> <span class='ocrx_word' id='word_1_159' title='bbox 747 2970 925 3042; x_wconf 85' lang='lat' dir='ltr'>cognoscat</span> <span class='ocrx_word' id='word_1_160' title='bbox 948 2982 981 3023; x_wconf 92' lang='lat' dir='ltr'>se</span> <span class='ocrx_word' id='word_1_161' title='bbox 1005 2981 1062 3042; x_wconf 90' lang='lat' dir='ltr'>per</span> 
     </span>
     <span class='ocr_line' id='line_1_26' title="bbox 101 3066 400 3131; baseline -0.003 -3"><span class='ocrx_word' id='word_1_162' title='bbox 101 3088 194 3131; x_wconf 88' lang='lat' dir='ltr'>suam</span> <span class='ocrx_word' id='word_1_163' title='bbox 218 3066 400 3130; x_wconf 88' lang='lat' dir='ltr'>essentiam.</span> 
     </span>
    </p>
   </div>
   <div class='ocr_carea' id='block_1_3' title="bbox 98 3280 1062 3877">
    <p class='ocr_par' dir='ltr' id='par_1_10' title="bbox 98 3280 1062 3788">
     <span class='ocr_line' id='line_1_27' title="bbox 166 3280 1060 3364; baseline -0.006 -17"><span class='ocrx_word' id='word_1_164' title='bbox 166 3280 374 3348; x_wconf 72' lang='lat' dir='ltr'>Secunda</span> <span class='ocrx_word' id='word_1_165' title='bbox 399 3281 552 3364; x_wconf 71' lang='lat' dir='ltr'>opinio</span> <span class='ocrx_word' id='word_1_166' title='bbox 575 3280 652 3343; x_wconf 90' lang='lat' dir='ltr'>dicit</span> <span class='ocrx_word' id='word_1_167' title='bbox 675 3281 765 3362; x_wconf 89' lang='lat' dir='ltr'>quod</span> <span class='ocrx_word' id='word_1_168' title='bbox 781 3281 926 3363; x_wconf 89' lang='lat' dir='ltr'>potentia</span> <span class='ocrx_word' id='word_1_169' title='bbox 942 3281 1060 3343; x_wconf 87' lang='lat' dir='ltr'>animae</span> 
     </span>
     <span class='ocr_line' id='line_1_28' title="bbox 100 3387 1062 3470; baseline -0.004 -18"><span class='ocrx_word' id='word_1_170' title='bbox 100 3398 149 3452; x_wconf 86' lang='lat' dir='ltr'>est</span> <span class='ocrx_word' id='word_1_171' title='bbox 182 3388 338 3470; x_wconf 87' lang='lat' dir='ltr'>quaedam</span> <span class='ocrx_word' id='word_1_172' title='bbox 374 3388 554 3469; x_wconf 87' lang='lat' dir='ltr'>proprietas</span> <span class='ocrx_word' id='word_1_173' title='bbox 589 3387 870 3450; x_wconf 86' lang='lat' dir='ltr'>consubstantialis</span> <span class='ocrx_word' id='word_1_174' title='bbox 906 3407 1062 3449; x_wconf 85' lang='lat' dir='ltr'>emanans</span> 
     </span>
     <span class='ocr_line' id='line_1_29' title="bbox 98 3493 1061 3577; baseline -0.001 -21"><span class='ocrx_word' id='word_1_175' title='bbox 98 3497 142 3557; x_wconf 89' lang='lat' dir='ltr'>ab</span> <span class='ocrx_word' id='word_1_176' title='bbox 165 3494 234 3577; x_wconf 90' lang='lat' dir='ltr'>ipsa</span> <span class='ocrx_word' id='word_1_177' title='bbox 257 3493 368 3556; x_wconf 87' lang='lat' dir='ltr'>anima</span> <span class='ocrx_word' id='word_1_178' title='bbox 390 3515 465 3576; x_wconf 86' lang='lat' dir='ltr'>quae</span> <span class='ocrx_word' id='word_1_179' title='bbox 488 3515 528 3556; x_wconf 91' lang='lat' dir='ltr'>eo</span> <span class='ocrx_word' id='word_1_180' title='bbox 551 3495 622 3575; x_wconf 93' lang='lat' dir='ltr'>ipso</span> <span class='ocrx_word' id='word_1_181' title='bbox 657 3494 747 3574; x_wconf 86' lang='lat' dir='ltr'>quod</span> <span class='ocrx_word' id='word_1_182' title='bbox 781 3503 912 3556; x_wconf 87' lang='lat' dir='ltr'>emanat</span> <span class='ocrx_word' id='word_1_183' title='bbox 943 3494 984 3555; x_wconf 92' lang='lat' dir='ltr'>ab</span> <span class='ocrx_word' id='word_1_184' title='bbox 1008 3493 1061 3555; x_wconf 88' lang='lat' dir='ltr'>illa</span> 
     </span>
     <span class='ocr_line' id='line_1_30' title="bbox 100 3601 1060 3684; baseline -0.004 -19"><span class='ocrx_word' id='word_1_185' title='bbox 100 3611 237 3665; x_wconf 91' lang='lat' dir='ltr'>nonest</span> <span class='ocrx_word' id='word_1_186' title='bbox 261 3601 332 3684; x_wconf 83' lang='lat' dir='ltr'>ipsa</span> <span class='ocrx_word' id='word_1_187' title='bbox 354 3601 491 3663; x_wconf 88' lang='lat' dir='ltr'>essentia</span> <span class='ocrx_word' id='word_1_188' title='bbox 513 3601 650 3676; x_wconf 86' lang='lat' dir='ltr'>animae;</span> <span class='ocrx_word' id='word_1_189' title='bbox 675 3601 751 3681; x_wconf 85' lang='lat' dir='ltr'>quia</span> <span class='ocrx_word' id='word_1_190' title='bbox 785 3610 894 3662; x_wconf 90' lang='lat' dir='ltr'>tamen</span> <span class='ocrx_word' id='word_1_191' title='bbox 931 3611 1060 3661; x_wconf 90' lang='lat' dir='ltr'>emanat</span> 
     </span>
     <span class='ocr_line' id='line_1_31' title="bbox 100 3707 1060 3788; baseline -0.001 -19"><span class='ocrx_word' id='word_1_192' title='bbox 100 3709 288 3773; x_wconf 90' lang='lat' dir='ltr'>immediate</span> <span class='ocrx_word' id='word_1_193' title='bbox 312 3708 354 3769; x_wconf 94' lang='lat' dir='ltr'>ab</span> <span class='ocrx_word' id='word_1_194' title='bbox 377 3708 429 3770; x_wconf 87' lang='lat' dir='ltr'>illa</span> <span class='ocrx_word' id='word_1_195' title='bbox 453 3728 518 3770; x_wconf 93' lang='lat' dir='ltr'>non</span> <span class='ocrx_word' id='word_1_196' title='bbox 550 3707 689 3770; x_wconf 87' lang='lat' dir='ltr'>declinat</span> <span class='ocrx_word' id='word_1_197' title='bbox 713 3707 744 3768; x_wconf 92' lang='lat' dir='ltr'>in</span> <span class='ocrx_word' id='word_1_198' title='bbox 778 3707 866 3769; x_wconf 86' lang='lat' dir='ltr'>aliud</span> <span class='ocrx_word' id='word_1_199' title='bbox 890 3728 1002 3788; x_wconf 88' lang='lat' dir='ltr'>genus,</span> <span class='ocrx_word' id='word_1_200' title='bbox 1028 3721 1060 3768; x_wconf 88' lang='lat' dir='ltr'>et</span> 
     </span>
    </p>

    <p class='ocr_par' dir='ltr' id='par_1_11' title="bbox 955 3836 981 3877">
     <span class='ocr_line' id='line_1_32' title="bbox 955 3836 981 3877; baseline 0.038 -1"><span class='ocrx_word' id='word_1_201' title='bbox 955 3836 981 3877; x_wconf 84' lang='lat'>18</span> 
     </span>
    </p>
   </div>
   <div class='ocr_carea' id='block_1_4' title="bbox 0 0 1325 4267">
    <p class='ocr_par' dir='ltr' id='par_1_12' title="bbox 0 0 1325 4267">
     <span class='ocr_line' id='line_1_33' title="bbox 0 0 1325 4267; baseline 0 0"><span class='ocrx_word' id='word_1_202' title='bbox 0 0 1325 4267; x_wconf 95' lang='lat' dir='ltr'> </span> 
     </span>
    </p>
   </div>
  </div>
 </body>
</html>
