2634 4267
348 262 532 326 Dtsrmcr.
558 263 603 325 ΙΙΙ
627 224 767 339 Quasi.
794 263 825 325 11
1008 280 1064 326 121

185 466 246 528 An
258 466 398 529 tertium
414 468 487 530 dico
502 469 591 549 quod
607 468 690 531 sicut
705 469 748 531 ab
766 467 889 530 ultimis
906 466 1092 531 differentiis

124 593 186 634 non
209 582 323 655 potest
348 575 492 637 abstrahi
515 575 596 637 ratio
620 575 703 638 entis
726 575 877 638 distincta
894 575 929 637 in
947 575 1032 656 quid
1052 575 1093 638 de

123 679 165 740 eis
180 681 280 753 dicta,
307 682 370 744 sed
389 682 639 754 denominative,
668 692 705 744 ut
728 691 818 764 patet
834 672 880 745 in
890 700 924 760 j.
949 682 1025 744 dist.
1051 699 1093 761 1.,

124 784 165 847 ita
187 787 290 849 etiam
318 808 381 850 nec
403 789 445 851 ab
469 789 544 850 istis.

186 893 246 954 Ad
267 895 428 957 nltimam
444 895 517 958 dico
540 896 630 978 quod
646 896 729 958 sicut
745 895 850 958 omnis
866 895 983 957 entitas
1004 895 1096 976 quid-

125 998 261 1063 ditativa
285 1010 338 1064 est
364 1003 451 1083 prior
474 1002 535 1064 hac
558 1004 608 1064 vel
625 1003 686 1064 ista
708 1003 842 1064 entitate
865 1011 898 1064 et
913 1002 1096 1064 indifferens

127 1106 167 1166 ad
189 1128 263 1185 eas;
290 1109 340 1171 ita
364 1110 498 1171 materia
527 1110 578 1171 vel
602 1108 707 1171 forma
730 1110 779 1171 vel
812 1109 1032 1190 compositum
1056 1129 1095 1170 eo

129 1214 226 1275 modo
258 1236 333 1296 quo
360 1216 472 1278 dicunt
495 1216 691 1298 quidditates
714 1225 789 1277 sunt
813 1215 919 1297 priora
935 1216 987 1277 illa
1011 1214 1097 1276 diffe-

129 1319 228 1382 rentia
252 1342 334 1402 quae
366 1331 414 1384 est
444 1322 557 1384 ultima
580 1343 693 1384 eorum
720 1323 855 1385 realitas.
881 1322 926 1384 Et
956 1322 1000 1384 sic
1023 1341 1098 1383 con·

127 1426 207 1487 cedo
232 1431 330 1509 quod
353 1429 414 1491 ista
436 1429 614 1491 differentia
637 1450 696 1492 nec
715 1438 764 1491 est
787 1429 930 1504 materia,
955 1449 1015 1491 nec
1038 1426 1099 1490 for·

132 1550 192 1606 ma,
206 1554 268 1597 nec
281 1537 515 1618 compositum,
528 1537 584 1598 sed
598 1535 711 1598 ultima
732 1537 858 1601 realilas
881 1545 913 1597 et
929 1535 1098 1597 actualitas

131 1641 288 1717 materiae,
316 1641 430 1704 iormae
454 1652 486 1705 et
509 1643 691 1725 compositi.
717 1643 761 1705 Et
776 1664 834 1725 per
857 1642 920 1705 hoc
945 1650 1034 1724 patet
1057 1641 1099 1702 ad

126 1747 275 1825 primam
301 1761 533 1832 argumentum
556 1751 750 1832 principale.

197 1857 257 1919 Ad
277 1858 455 1920 secundnm
471 1857 616 1944 concedo
633 1857 775 1938 primum
798 1876 1007 1936 consequens,
1024 1854 1101 1935 quia

135 1979 198 2040 non
221 1974 272 2027 est
290 1963 372 2025 mihi
388 1964 626 2025 inconveniens
645 1963 799 2026 Concedo
815 1962 912 2024 etiam
930 1961 1020 2042 quod
1037 1961 1101 2022 sin-

138 2069 247 2147 gulare
270 2080 324 2134 est
339 2091 395 2152 per
411 2091 445 2132 se
468 2069 674 2152 intelligibile,
699 2070 755 2132 sed
772 2069 796 2131 si
814 2090 879 2131 non
901 2067 1101 2149 intelligitur,

139 2171 198 2236 hoc
227 2187 280 2240 est
305 2199 347 2238 ex
372 2176 498 2239 defectu
529 2176 710 2238 intellectus
740 2176 850 2249 nostri,
882 2184 914 2237 et
942 2175 987 2237 sic
1010 2173 1102 2236 intel·

138 2279 245 2362 ligitur
269 2283 489 2365 Philosophus
512 2302 542 2346 1.
567 2281 668 2363 Ploys.
702 2282 892 2366 Secundum
916 2290 948 2343 et
971 2281 1102 2342 tertium

139 2406 344 2474 consequens
374 2403 469 2472 nego.
500 2389 626 2451 —Ad
646 2389 878 2471 probationem,
917 2389 990 2450 dico
1013 2388 1103 2469 quod

145 2513 207 2558 non
229 2499 329 2572 valet,
346 2498 423 2580 quia
444 2497 623 2559 similitudo
645 2505 695 2558 est
717 2494 805 2569 salsa,
830 2495 906 2576 quia
926 2494 1105 2557 differentia

144 2604 303 2683 specifica,
333 2614 370 2666 ut
401 2603 567 2666 constituit
595 2603 747 2685 speciem,
779 2602 857 2664 dicit
887 2601 1103 2682 quidditatem

143 2722 290 2794 respectu
315 2711 409 2792 cujus
439 2719 487 2773 est
518 2710 650 2772 scientia
680 2719 713 2772 et
741 2707 895 2783 definitio,
928 2707 1105 2770 differentia

143 2835 216 2882 vero
241 2817 447 2882 individualis
470 2826 518 2879 est
534 2817 639 2898 primo
656 2816 781 2877 diversa
797 2816 838 2877 ab
855 2814 945 2876 omni
972 2815 1106 2876 entitate

144 2925 370 3003 quidditativa,
394 2925 470 3006 quia
492 2923 702 3005 intelligendo
732 2942 963 3003 quamcunque
991 2921 1106 2982 entita-

144 3037 207 3096 tem
223 3031 478 3116 quidditativam
501 3040 534 3093 et
550 3030 721 3092 limitatam
739 3049 804 3092 non
821 3028 958 3090 habetur
982 3027 1013 3088 in
1037 3027 1107 3107 ejus

146 3134 309 3205 intellectu
335 3138 424 3201 unde
446 3138 515 3219 ipsa
539 3137 579 3199 sit
602 3136 683 3198 haec.
