2634 4267
254 258 316 335 318
541 258 615 329 Lm.
639 260 670 321 11
694 258 991 327 Snn‘rnnnnnuu

580 464 756 546 QUAEs‘no
780 467 838 529 IV.

556 626 680 703 Quarto
703 628 867 709 quaeritur

281 766 388 821 uuum
406 768 554 835 peecatum
581 766 667 835 prlml
685 767 806 821 homlnls
823 768 858 823 (le
876 770 955 824 tuoto
979 770 1037 825 tull
1055 771 1201 838 gravisu-

225 870 316 913 mum.
905 902 907 907 .

185 1074 189 1080 ⁴
293 1004 431 1066 Videtur
455 1004 546 1085 quod
568 1004 622 1078 sic,
647 1003 724 1085 quia
758 1004 894 1066 destruit
926 1005 1112 1067 maximum
1140 1006 1201 1069 bo

225 1132 317 1184 num,
341 1112 423 1174 idest
443 1111 602 1193 justitiam
629 1110 831 1192 originalem.
1071 1090 1078 1103 ⁴

293 1236 322 1281 2.
347 1220 517 1298 Praeterea,
541 1217 584 1278 illi
600 1226 735 1298 peccato
751 1217 887 1279 debetur
908 1218 1054 1281 maxima
1069 1240 1197 1301 poena,

224 1336 306 1409 puta
329 1346 426 1387 mors.

294 1450 322 1511 3.
339 1434 508 1505 Praeterea,
525 1430 734 1513 Augustinus
753 1431 830 1493 dicit
845 1441 940 1511 super
956 1432 1081 1494 Psalm.
1099 1434 1198 1514 quod

224 1540 339 1603 Adam
361 1547 394 1600 et
418 1539 490 1600 Eva
512 1537 686 1599 voluerunt
708 1532 821 1618 rapere
848 1537 1020 1615 deitatem;
1044 1539 1102 1600 sed
1129 1539 1198 1603 hoc

222 1646 285 1708 fuit
320 1646 503 1708 maximum
538 1653 710 1726 peccatum
745 1644 778 1706 in
812 1646 947 1726 angelo;
975 1666 1055 1727 ergo
1084 1648 1197 1711 multo

223 1754 329 1835 magis
353 1754 385 1814 in
409 1751 550 1814 humine.

296 1857 424 1923 Contra.
449 1858 659 1948 Augustinus
687 1877 738 1921 10.
773 1868 870 1939 super
907 1856 1019 1920 Genus.
1043 1859 1093 1921 ad
1112 1860 1195 1936 litt„

221 1966 300 2029 dicit
323 1966 413 2047 quod
428 1965 542 2027 Adam
558 1985 624 2026 non
641 1964 760 2027 carnali
777 1965 1039 2046 concupiscentia
1068 1975 1194 2043 motus,

221 2074 279 2135 sed
303 2074 446 2154 quadam
470 2071 630 2134 amicabili
662 2072 851 2153 compulsus
884 2071 1122 2146 benevolentia,
1150 2094 1193 2137 ne

223 2180 344 2241 sociam
368 2178 580 2252 contristaret,
605 2178 760 2259 peccavit.

289 2288 505 2349 RESPONSIO.
531 2285 592 2346 Hic
615 2294 692 2347 sunt
707 2284 767 2347 tria
783 2285 939 2347 videnda:
957 2286 1069 2365 primo
1093 2287 1194 2367 quale

219 2392 282 2455 fuit
305 2402 477 2474 peccatum
501 2392 607 2468 Adae;
631 2392 776 2467 secunda,
801 2400 962 2473 quantum
983 2390 1044 2454 fuit
1068 2413 1189 2475 grave;

220 2500 323 2573 tertie,
347 2499 419 2581 quis
443 2499 573 2581 gravius
596 2498 743 2579 peccavit
766 2498 879 2560 Adam
903 2498 954 2559 vel
979 2499 1062 2561 Eva.

293 2712 520 2797 osculatum
536 2711 808 2794 adprimum
822 2714 927 2794 patuit
943 2734 1043 2795 supra
1055 2714 1146 2777 Dist.
1156 2714 1187 2777 6.
1302 2760 1303 2773 ,

111 2893 113 2896 ,
218 2819 338 2881 scilicet
364 2818 455 2900 quod
489 2818 613 2899 duplex
647 2826 695 2879 est
730 2827 821 2880 actus
855 2820 1033 2881 voluntatis
1067 2822 1188 2883 scilicet
1302 2814 1303 2861 l

219 2926 300 2987 velle
323 2935 355 2988 et
378 2926 470 2987 nolle.
502 2925 538 2986 In
575 2923 659 2986 nolle
695 2933 804 2986 autem
840 2946 906 2987 non
942 2928 1090 2991 consistit
1115 2950 1185 3009 pec·

218 3041 338 3106 catum,
363 3031 475 3094 sedin
498 3031 588 3093 velle.
622 3031 705 3093 Velle
736 3040 846 3093 autem
882 3040 930 3094 est
965 3033 1103 3114 duplex,
1128 3035 1184 3097 sci·
1302 3022 1303 3039 ³

219 3138 292 3199 licet
314 3138 396 3200 velle
418 3138 539 3219 aliquid
562 3159 670 3199 amore
696 3138 852 3200 amicitiae
882 3138 938 3220 qui
969 3148 1018 3201 est
1051 3151 1183 3223 propter

216 3264 261 3318 se,
287 3245 368 3307 velle
390 3266 498 3306 amore
520 3244 686 3319 commodi,
711 3244 767 3324 qui
791 3254 839 3306 est
863 3254 996 3326 propter
1020 3246 1121 3309 aliud.
1139 3248 1181 3309 Et

218 3350 297 3412 illud
320 3350 410 3432 quod
433 3360 560 3413 amatur
586 3372 699 3413 amore
725 3351 876 3414 amicitiae
912 3352 1017 3434 magis
1053 3363 1182 3416 amatur

217 3477 318 3538 quam
353 3456 432 3519 illud
466 3457 555 3539 quod
589 3466 717 3519 amatur
752 3478 864 3520 amore
898 3461 1077 3535 commodi,
1107 3461 1178 3543 quia

218 3573 350 3645 propter
373 3566 463 3644 quod
487 3565 746 3645 unumquodque
769 3565 832 3626 tale
866 3573 899 3626 et
929 3565 1038 3646 ipsum
1067 3568 1177 3650 magis,

218 3668 283 3729 Sed
306 3670 449 3748 primum
484 3677 654 3749 peccatum
690 3671 778 3731 Adae
814 3692 880 3733 non
915 3670 975 3733 fuit
999 3693 1043 3734 ex
1067 3674 1178 3735 immo·
