<?xml version="1.0" encoding="UTF-8"?>
<!DOCTYPE html PUBLIC "-//W3C//DTD XHTML 1.0 Transitional//EN"
    "http://www.w3.org/TR/xhtml1/DTD/xhtml1-transitional.dtd">
<html xmlns="http://www.w3.org/1999/xhtml" xml:lang="en" lang="en">
 <head>
  <title>
</title>
<meta http-equiv="Content-Type" content="text/html;charset=utf-8" />
  <meta name='ocr-system' content='tesseract 3.04.00' />
  <meta name='ocr-capabilities' content='ocr_page ocr_carea ocr_par ocr_line ocrx_word'/>
</head>
<body>
  <div class='ocr_page' id='page_1' title='image "./commentariainli00scotgoog_0071.png"; bbox 0 0 2634 4267; ppageno 0'>
   <div class='ocr_carea' id='block_1_1' title="bbox 338 237 1064 322">
    <p class='ocr_par' dir='ltr' id='par_1_1' title="bbox 338 237 1064 322">
     <span class='ocr_line' id='line_1_1' title="bbox 338 237 1064 322; baseline 0.006 -21"><span class='ocrx_word' id='word_1_1' title='bbox 338 237 524 303; x_wconf 78' lang='lat' dir='ltr'>D1sr1Ncr.</span> <span class='ocrx_word' id='word_1_2' title='bbox 548 240 578 301; x_wconf 92' lang='grc' dir='ltr'>ΙΙ</span> <span class='ocrx_word' id='word_1_3' title='bbox 603 237 753 319; x_wconf 73' lang='lat' dir='ltr'>Qonsr.</span> <span class='ocrx_word' id='word_1_4' title='bbox 779 240 793 303; x_wconf 95' lang='grc' dir='ltr'>Ι</span> <span class='ocrx_word' id='word_1_5' title='bbox 1023 255 1064 322; x_wconf 81' lang='lat'>59</span> 
     </span>
    </p>
   </div>
   <div class='ocr_carea' id='block_1_2' title="bbox 1033 360 1087 370">
    <p class='ocr_par' dir='ltr' id='par_1_2' title="bbox 1033 360 1087 370">
     <span class='ocr_line' id='line_1_2' title="bbox 1033 360 1087 370; baseline 0.037 -2"><span class='ocrx_word' id='word_1_6' title='bbox 1033 360 1087 370; x_wconf 78' lang='lat'><strong>—</strong></span> 
     </span>
    </p>
   </div>
   <div class='ocr_carea' id='block_1_3' title="bbox 118 443 1090 3088">
    <p class='ocr_par' dir='ltr' id='par_1_3' title="bbox 119 443 1085 632">
     <span class='ocr_line' id='line_1_3' title="bbox 122 443 1085 526; baseline 0.003 -20"><span class='ocrx_word' id='word_1_7' title='bbox 122 453 227 525; x_wconf 90' lang='lat' dir='ltr'>potest</span> <span class='ocrx_word' id='word_1_8' title='bbox 262 443 373 507; x_wconf 84' lang='lat' dir='ltr'>facere</span> <span class='ocrx_word' id='word_1_9' title='bbox 401 445 554 526; x_wconf 84' lang='lat' dir='ltr'><strong>angelum</strong></span> <span class='ocrx_word' id='word_1_10' title='bbox 589 465 656 507; x_wconf 90' lang='lat' dir='ltr'>non</span> <span class='ocrx_word' id='word_1_11' title='bbox 692 444 798 520; x_wconf 82' lang='lat' dir='ltr'>fuisse,</span> <span class='ocrx_word' id='word_1_12' title='bbox 833 445 878 507; x_wconf 90' lang='lat' dir='ltr'>ita</span> <span class='ocrx_word' id='word_1_13' title='bbox 912 466 972 509; x_wconf 92' lang='lat' dir='ltr'>nec</span> <span class='ocrx_word' id='word_1_14' title='bbox 1006 445 1085 521; x_wconf 85' lang='lat' dir='ltr'>fore,</span> 
     </span>
     <span class='ocr_line' id='line_1_4' title="bbox 119 550 548 632; baseline 0.005 -21"><span class='ocrx_word' id='word_1_15' title='bbox 119 550 206 632; x_wconf 87' lang='lat' dir='ltr'>quod</span> <span class='ocrx_word' id='word_1_16' title='bbox 229 560 281 613; x_wconf 87' lang='lat' dir='ltr'>est</span> <span class='ocrx_word' id='word_1_17' title='bbox 305 551 548 615; x_wconf 77' lang='lat' dir='ltr'>inconveniens·</span> 
     </span>
    </p>

    <p class='ocr_par' dir='ltr' id='par_1_4' title="bbox 118 657 1086 1274">
     <span class='ocr_line' id='line_1_5' title="bbox 180 657 1085 741; baseline 0.002 -22"><span class='ocrx_word' id='word_1_18' title='bbox 180 657 295 719; x_wconf 88' lang='lat' dir='ltr'>Tertio</span> <span class='ocrx_word' id='word_1_19' title='bbox 321 657 384 719; x_wconf 90' lang='lat' dir='ltr'>sic:</span> <span class='ocrx_word' id='word_1_20' title='bbox 401 657 551 739; x_wconf 86' lang='lat' dir='ltr'>Angelus</span> <span class='ocrx_word' id='word_1_21' title='bbox 574 658 705 719; x_wconf 89' lang='lat' dir='ltr'>durabit</span> <span class='ocrx_word' id='word_1_22' title='bbox 719 658 751 720; x_wconf 94' lang='lat' dir='ltr'>in</span> <span class='ocrx_word' id='word_1_23' title='bbox 768 657 947 737; x_wconf 88' lang='lat' dir='ltr'>infinitum;</span> <span class='ocrx_word' id='word_1_24' title='bbox 963 679 1043 741; x_wconf 90' lang='lat' dir='ltr'>ergo</span> <span class='ocrx_word' id='word_1_25' title='bbox 1059 659 1085 721; x_wconf 95' lang='lat' dir='ltr'>si</span> 
     </span>
     <span class='ocr_line' id='line_1_6' title="bbox 118 763 1083 840; baseline 0.002 -14"><span class='ocrx_word' id='word_1_26' title='bbox 118 772 193 826; x_wconf 90' lang='lat' dir='ltr'>tunc</span> <span class='ocrx_word' id='word_1_27' title='bbox 209 763 314 825; x_wconf 89' lang='lat' dir='ltr'>habet</span> <span class='ocrx_word' id='word_1_28' title='bbox 327 772 432 826; x_wconf 91' lang='lat' dir='ltr'>totam</span> <span class='ocrx_word' id='word_1_29' title='bbox 449 764 655 827; x_wconf 82' lang='lat' dir='ltr'>durationem</span> <span class='ocrx_word' id='word_1_30' title='bbox 672 766 740 827; x_wconf 88' lang='lat' dir='ltr'>sine</span> <span class='ocrx_word' id='word_1_31' title='bbox 756 766 966 840; x_wconf 86' lang='lat' dir='ltr'>successione,</span> <span class='ocrx_word' id='word_1_32' title='bbox 984 765 1083 828; x_wconf 90' lang='lat' dir='ltr'>habe-</span> 
     </span>
     <span class='ocr_line' id='line_1_7' title="bbox 118 869 1086 947; baseline 0.003 -16"><span class='ocrx_word' id='word_1_33' title='bbox 118 870 161 932; x_wconf 90' lang='lat' dir='ltr'>bit</span> <span class='ocrx_word' id='word_1_34' title='bbox 184 891 274 933; x_wconf 92' lang='lat' dir='ltr'>nunc</span> <span class='ocrx_word' id='word_1_35' title='bbox 300 869 479 933; x_wconf 86' lang='lat' dir='ltr'>formaliter</span> <span class='ocrx_word' id='word_1_36' title='bbox 502 871 709 934; x_wconf 87' lang='lat' dir='ltr'>durationem</span> <span class='ocrx_word' id='word_1_37' title='bbox 726 871 896 947; x_wconf 87' lang='lat' dir='ltr'>infinitam,</span> <span class='ocrx_word' id='word_1_38' title='bbox 920 881 953 934; x_wconf 92' lang='lat' dir='ltr'>et</span> <span class='ocrx_word' id='word_1_39' title='bbox 976 872 1021 935; x_wconf 93' lang='lat' dir='ltr'>sic</span> <span class='ocrx_word' id='word_1_40' title='bbox 1036 879 1086 935; x_wconf 88' lang='lat' dir='ltr'>est</span> 
     </span>
     <span class='ocr_line' id='line_1_8' title="bbox 118 975 1086 1061; baseline 0.003 -24"><span class='ocrx_word' id='word_1_41' title='bbox 118 976 270 1040; x_wconf 78' lang='lat' dir='ltr'>infinitus</span> <span class='ocrx_word' id='word_1_42' title='bbox 296 1015 344 1023; x_wconf 95' lang='lat'>—</span> <span class='ocrx_word' id='word_1_43' title='bbox 380 975 610 1061; x_wconf 63' lang='lat' dir='ltr'>Confirmatio,</span> <span class='ocrx_word' id='word_1_44' title='bbox 648 979 725 1061; x_wconf 92' lang='lat' dir='ltr'>quia</span> <span class='ocrx_word' id='word_1_45' title='bbox 756 979 836 1041; x_wconf 91' lang='lat' dir='ltr'>illud</span> <span class='ocrx_word' id='word_1_46' title='bbox 870 999 957 1041; x_wconf 89' lang='lat' dir='ltr'>nunc</span> <span class='ocrx_word' id='word_1_47' title='bbox 995 980 1086 1060; x_wconf 92' lang='lat' dir='ltr'>quod</span> 
     </span>
     <span class='ocr_line' id='line_1_9' title="bbox 118 1083 1086 1165; baseline 0.003 -19"><span class='ocrx_word' id='word_1_48' title='bbox 118 1092 223 1165; x_wconf 87' lang='lat' dir='ltr'>potest</span> <span class='ocrx_word' id='word_1_49' title='bbox 240 1084 425 1147; x_wconf 87' lang='lat' dir='ltr'>coexistere</span> <span class='ocrx_word' id='word_1_50' title='bbox 453 1083 579 1148; x_wconf 87' lang='lat' dir='ltr'>infinito</span> <span class='ocrx_word' id='word_1_51' title='bbox 616 1095 665 1148; x_wconf 90' lang='lat' dir='ltr'>est</span> <span class='ocrx_word' id='word_1_52' title='bbox 695 1084 876 1162; x_wconf 81' lang='lat' dir='ltr'>infinitum3</span> <span class='ocrx_word' id='word_1_53' title='bbox 912 1086 969 1148; x_wconf 91' lang='lat' dir='ltr'>sed</span> <span class='ocrx_word' id='word_1_54' title='bbox 1000 1085 1086 1149; x_wconf 82' lang='lat' dir='ltr'>sacta</span> 
     </span>
     <span class='ocr_line' id='line_1_10' title="bbox 119 1188 880 1274; baseline 0.005 -23"><span class='ocrx_word' id='word_1_55' title='bbox 119 1188 305 1271; x_wconf 87' lang='lat' dir='ltr'>hypothesi,</span> <span class='ocrx_word' id='word_1_56' title='bbox 331 1191 467 1273; x_wconf 86' lang='lat' dir='ltr'>angelus</span> <span class='ocrx_word' id='word_1_57' title='bbox 489 1200 538 1253; x_wconf 91' lang='lat' dir='ltr'>est</span> <span class='ocrx_word' id='word_1_58' title='bbox 562 1191 765 1272; x_wconf 89' lang='lat' dir='ltr'>hujusmodi;</span> <span class='ocrx_word' id='word_1_59' title='bbox 790 1212 880 1274; x_wconf 81' lang='lat' dir='ltr'>ergo</span> 
     </span>
    </p>

    <p class='ocr_par' dir='ltr' id='par_1_5' title="bbox 119 1296 1087 2020">
     <span class='ocr_line' id='line_1_11' title="bbox 182 1296 1086 1381; baseline 0.003 -22"><span class='ocrx_word' id='word_1_60' title='bbox 182 1296 316 1377; x_wconf 84' lang='lat' dir='ltr'>Quarto</span> <span class='ocrx_word' id='word_1_61' title='bbox 328 1298 390 1361; x_wconf 89' lang='lat' dir='ltr'>sic:</span> <span class='ocrx_word' id='word_1_62' title='bbox 409 1298 630 1363; x_wconf 90' lang='lat' dir='ltr'>Contradictio</span> <span class='ocrx_word' id='word_1_63' title='bbox 654 1319 720 1361; x_wconf 96' lang='lat' dir='ltr'>non</span> <span class='ocrx_word' id='word_1_64' title='bbox 737 1308 844 1381; x_wconf 86' lang='lat' dir='ltr'>potest</span> <span class='ocrx_word' id='word_1_65' title='bbox 868 1297 1025 1361; x_wconf 87' lang='lat' dir='ltr'>verificari</span> <span class='ocrx_word' id='word_1_66' title='bbox 1043 1299 1086 1362; x_wconf 92' lang='lat' dir='ltr'>de</span> 
     </span>
     <span class='ocr_line' id='line_1_12' title="bbox 119 1404 1084 1487; baseline 0.002 -23"><span class='ocrx_word' id='word_1_67' title='bbox 119 1404 232 1466; x_wconf 88' lang='lat' dir='ltr'>eodem</span> <span class='ocrx_word' id='word_1_68' title='bbox 246 1406 375 1487; x_wconf 86' lang='lat' dir='ltr'>absque</span> <span class='ocrx_word' id='word_1_69' title='bbox 387 1406 587 1468; x_wconf 86' lang='lat' dir='ltr'>successione</span> <span class='ocrx_word' id='word_1_70' title='bbox 602 1405 792 1468; x_wconf 91' lang='lat' dir='ltr'>instantium</span> <span class='ocrx_word' id='word_1_71' title='bbox 809 1406 1084 1481; x_wconf 88' lang='lat' dir='ltr'>mensurantium;</span> 
     </span>
     <span class='ocr_line' id='line_1_13' title="bbox 121 1510 1085 1595; baseline 0.002 -24"><span class='ocrx_word' id='word_1_72' title='bbox 121 1510 174 1571; x_wconf 87' lang='lat' dir='ltr'>sed</span> <span class='ocrx_word' id='word_1_73' title='bbox 196 1511 237 1573; x_wconf 91' lang='lat' dir='ltr'>de</span> <span class='ocrx_word' id='word_1_74' title='bbox 253 1512 376 1595; x_wconf 89' lang='lat' dir='ltr'>angelo</span> <span class='ocrx_word' id='word_1_75' title='bbox 391 1511 596 1575; x_wconf 87' lang='lat' dir='ltr'>verificantur</span> <span class='ocrx_word' id='word_1_76' title='bbox 612 1512 877 1587; x_wconf 88' lang='lat' dir='ltr'>contradictoria;</span> <span class='ocrx_word' id='word_1_77' title='bbox 901 1532 990 1594; x_wconf 87' lang='lat' dir='ltr'>ergo.</span> <span class='ocrx_word' id='word_1_78' title='bbox 1008 1513 1085 1574; x_wconf 89' lang='lat' dir='ltr'>Pro-</span> 
     </span>
     <span class='ocr_line' id='line_1_14' title="bbox 120 1616 1085 1701; baseline 0.002 -24"><span class='ocrx_word' id='word_1_79' title='bbox 120 1616 204 1679; x_wconf 91' lang='lat' dir='ltr'>batio</span> <span class='ocrx_word' id='word_1_80' title='bbox 228 1618 393 1681; x_wconf 83' lang='lat' dir='ltr'>minoris:</span> <span class='ocrx_word' id='word_1_81' title='bbox 418 1618 573 1701; x_wconf 84' lang='lat' dir='ltr'>Angelus</span> <span class='ocrx_word' id='word_1_82' title='bbox 597 1620 705 1700; x_wconf 92' lang='lat' dir='ltr'>potuit</span> <span class='ocrx_word' id='word_1_83' title='bbox 728 1620 828 1682; x_wconf 86' lang='lat' dir='ltr'>creari</span> <span class='ocrx_word' id='word_1_84' title='bbox 840 1640 906 1682; x_wconf 94' lang='lat' dir='ltr'>non</span> <span class='ocrx_word' id='word_1_85' title='bbox 923 1627 1085 1700; x_wconf 89' lang='lat' dir='ltr'>peccator,</span> 
     </span>
     <span class='ocr_line' id='line_1_15' title="bbox 121 1726 1086 1808; baseline 0.004 -23"><span class='ocrx_word' id='word_1_86' title='bbox 121 1732 230 1803; x_wconf 90' lang='lat' dir='ltr'>postea</span> <span class='ocrx_word' id='word_1_87' title='bbox 255 1726 422 1807; x_wconf 88' lang='lat' dir='ltr'>peccavit;</span> <span class='ocrx_word' id='word_1_88' title='bbox 439 1746 573 1808; x_wconf 91' lang='lat' dir='ltr'>peccare</span> <span class='ocrx_word' id='word_1_89' title='bbox 589 1735 699 1788; x_wconf 92' lang='lat' dir='ltr'>autem</span> <span class='ocrx_word' id='word_1_90' title='bbox 712 1735 745 1788; x_wconf 91' lang='lat' dir='ltr'>et</span> <span class='ocrx_word' id='word_1_91' title='bbox 768 1747 834 1788; x_wconf 98' lang='lat' dir='ltr'>non</span> <span class='ocrx_word' id='word_1_92' title='bbox 864 1746 998 1807; x_wconf 89' lang='lat' dir='ltr'>peccare</span> <span class='ocrx_word' id='word_1_93' title='bbox 1010 1735 1086 1789; x_wconf 93' lang='lat' dir='ltr'>sunt</span> 
     </span>
     <span class='ocr_line' id='line_1_16' title="bbox 121 1832 1087 1914; baseline 0.004 -24"><span class='ocrx_word' id='word_1_94' title='bbox 121 1832 380 1894; x_wconf 89' lang='lat' dir='ltr'>contradictoria.</span> <span class='ocrx_word' id='word_1_95' title='bbox 406 1832 534 1895; x_wconf 89' lang='lat' dir='ltr'>Eodem</span> <span class='ocrx_word' id='word_1_96' title='bbox 559 1834 659 1895; x_wconf 92' lang='lat' dir='ltr'>modo</span> <span class='ocrx_word' id='word_1_97' title='bbox 689 1841 796 1914; x_wconf 89' lang='lat' dir='ltr'>potest</span> <span class='ocrx_word' id='word_1_98' title='bbox 830 1832 939 1906; x_wconf 89' lang='lat' dir='ltr'>creari,</span> <span class='ocrx_word' id='word_1_99' title='bbox 969 1832 1087 1894; x_wconf 88' lang='lat' dir='ltr'>deinde</span> 
     </span>
     <span class='ocr_line' id='line_1_17' title="bbox 123 1936 790 2020; baseline 0.006 -24"><span class='ocrx_word' id='word_1_100' title='bbox 123 1936 305 2014; x_wconf 90' lang='lat' dir='ltr'>annihilari;</span> <span class='ocrx_word' id='word_1_101' title='bbox 330 1959 406 2020; x_wconf 87' lang='lat' dir='ltr'>quae</span> <span class='ocrx_word' id='word_1_102' title='bbox 430 1939 529 2001; x_wconf 89' lang='lat' dir='ltr'>etiam</span> <span class='ocrx_word' id='word_1_103' title='bbox 553 1939 790 2002; x_wconf 88' lang='lat' dir='ltr'>contradicunt.</span> 
     </span>
    </p>

    <p class='ocr_par' dir='ltr' id='par_1_6' title="bbox 124 2044 1090 2661">
     <span class='ocr_line' id='line_1_18' title="bbox 184 2044 1085 2126; baseline 0.001 -21"><span class='ocrx_word' id='word_1_104' title='bbox 184 2044 226 2105; x_wconf 85' lang='lat' dir='ltr'>In</span> <span class='ocrx_word' id='word_1_105' title='bbox 249 2045 455 2108; x_wconf 81' lang='lat' dir='ltr'>contrarium</span> <span class='ocrx_word' id='word_1_106' title='bbox 482 2054 531 2107; x_wconf 90' lang='lat' dir='ltr'>est</span> <span class='ocrx_word' id='word_1_107' title='bbox 554 2044 683 2108; x_wconf 83' lang='lat' dir='ltr'>Auctor</span> <span class='ocrx_word' id='word_1_108' title='bbox 715 2045 770 2109; x_wconf 83' lang='lat' dir='ltr'>lib.</span> <span class='ocrx_word' id='word_1_109' title='bbox 802 2045 842 2107; x_wconf 84' lang='lat' dir='ltr'>de</span> <span class='ocrx_word' id='word_1_110' title='bbox 875 2045 993 2118; x_wconf 82' lang='lat' dir='ltr'>causis,</span> <span class='ocrx_word' id='word_1_111' title='bbox 1029 2046 1085 2126; x_wconf 92' lang='lat' dir='ltr'>qui</span> 
     </span>
     <span class='ocr_line' id='line_1_19' title="bbox 124 2145 1090 2233; baseline 0.004 -23"><span class='ocrx_word' id='word_1_112' title='bbox 124 2148 196 2212; x_wconf 93' lang='lat' dir='ltr'>dicit</span> <span class='ocrx_word' id='word_1_113' title='bbox 219 2153 312 2233; x_wconf 92' lang='lat' dir='ltr'>quod</span> <span class='ocrx_word' id='word_1_114' title='bbox 336 2152 418 2214; x_wconf 91' lang='lat' dir='ltr'>inter</span> <span class='ocrx_word' id='word_1_115' title='bbox 449 2172 518 2214; x_wconf 90' lang='lat' dir='ltr'>rem</span> <span class='ocrx_word' id='word_1_116' title='bbox 541 2152 634 2233; x_wconf 85' lang='lat' dir='ltr'>cujus</span> <span class='ocrx_word' id='word_1_117' title='bbox 657 2162 749 2215; x_wconf 91' lang='lat' dir='ltr'>actus</span> <span class='ocrx_word' id='word_1_118' title='bbox 772 2161 804 2215; x_wconf 97' lang='lat' dir='ltr'>et</span> <span class='ocrx_word' id='word_1_119' title='bbox 832 2151 1011 2214; x_wconf 89' lang='lat' dir='ltr'>substantia</span> <span class='ocrx_word' id='word_1_120' title='bbox 1037 2145 1090 2214; x_wconf 84' lang='lat' dir='ltr'>est</span> 
     </span>
     <span class='ocr_line' id='line_1_20' title="bbox 124 2253 1086 2338; baseline 0.006 -24"><span class='ocrx_word' id='word_1_121' title='bbox 124 2253 154 2316; x_wconf 93' lang='lat' dir='ltr'>in</span> <span class='ocrx_word' id='word_1_122' title='bbox 176 2268 349 2321; x_wconf 90' lang='lat' dir='ltr'>momento</span> <span class='ocrx_word' id='word_1_123' title='bbox 379 2258 577 2333; x_wconf 70' lang='lat' dir='ltr'>aeternitatis,</span> <span class='ocrx_word' id='word_1_124' title='bbox 609 2267 641 2321; x_wconf 90' lang='lat' dir='ltr'>et</span> <span class='ocrx_word' id='word_1_125' title='bbox 674 2259 756 2321; x_wconf 89' lang='lat' dir='ltr'>inter</span> <span class='ocrx_word' id='word_1_126' title='bbox 792 2279 859 2320; x_wconf 90' lang='lat' dir='ltr'>rem</span> <span class='ocrx_word' id='word_1_127' title='bbox 894 2258 987 2338; x_wconf 88' lang='lat' dir='ltr'>cujus</span> <span class='ocrx_word' id='word_1_128' title='bbox 1010 2258 1086 2320; x_wconf 93' lang='lat' dir='ltr'>sub-</span> 
     </span>
     <span class='ocr_line' id='line_1_21' title="bbox 125 2364 1086 2447; baseline 0.006 -26"><span class='ocrx_word' id='word_1_129' title='bbox 125 2364 237 2425; x_wconf 90' lang='lat' dir='ltr'>stantia</span> <span class='ocrx_word' id='word_1_130' title='bbox 261 2374 293 2428; x_wconf 89' lang='lat' dir='ltr'>et</span> <span class='ocrx_word' id='word_1_131' title='bbox 308 2365 403 2427; x_wconf 81' lang='lat' dir='ltr'>&#39;actio</span> <span class='ocrx_word' id='word_1_132' title='bbox 427 2373 502 2427; x_wconf 88' lang='lat' dir='ltr'>sunt</span> <span class='ocrx_word' id='word_1_133' title='bbox 525 2366 557 2427; x_wconf 95' lang='lat' dir='ltr'>in</span> <span class='ocrx_word' id='word_1_134' title='bbox 583 2374 752 2428; x_wconf 90' lang='lat' dir='ltr'>momento</span> <span class='ocrx_word' id='word_1_135' title='bbox 774 2365 940 2447; x_wconf 70' lang='lat' dir='ltr'>temporis</span> <span class='ocrx_word' id='word_1_136' title='bbox 964 2375 1013 2427; x_wconf 88' lang='lat' dir='ltr'>est</span> <span class='ocrx_word' id='word_1_137' title='bbox 1036 2386 1086 2427; x_wconf 89' lang='lat' dir='ltr'>res</span> 
     </span>
     <span class='ocr_line' id='line_1_22' title="bbox 127 2470 1086 2553; baseline 0.005 -24"><span class='ocrx_word' id='word_1_138' title='bbox 127 2470 228 2532; x_wconf 90' lang='lat' dir='ltr'>media</span> <span class='ocrx_word' id='word_1_139' title='bbox 251 2472 346 2553; x_wconf 90' lang='lat' dir='ltr'>cujus</span> <span class='ocrx_word' id='word_1_140' title='bbox 369 2481 417 2534; x_wconf 91' lang='lat' dir='ltr'>est</span> <span class='ocrx_word' id='word_1_141' title='bbox 448 2473 626 2534; x_wconf 89' lang='lat' dir='ltr'>substantia</span> <span class='ocrx_word' id='word_1_142' title='bbox 657 2472 689 2534; x_wconf 94' lang='lat' dir='ltr'>in</span> <span class='ocrx_word' id='word_1_143' title='bbox 722 2482 890 2535; x_wconf 87' lang='lat' dir='ltr'>momento</span> <span class='ocrx_word' id='word_1_144' title='bbox 926 2473 1086 2534; x_wconf 83' lang='lat' dir='ltr'>aeternita-</span> 
     </span>
     <span class='ocr_line' id='line_1_23' title="bbox 125 2573 774 2661; baseline 0.011 -27"><span class='ocrx_word' id='word_1_145' title='bbox 125 2573 171 2649; x_wconf 90' lang='lat' dir='ltr'>tis,</span> <span class='ocrx_word' id='word_1_146' title='bbox 194 2586 226 2639; x_wconf 92' lang='lat' dir='ltr'>et</span> <span class='ocrx_word' id='word_1_147' title='bbox 249 2579 337 2641; x_wconf 91' lang='lat' dir='ltr'>actio</span> <span class='ocrx_word' id='word_1_148' title='bbox 360 2579 392 2640; x_wconf 90' lang='lat' dir='ltr'>iu</span> <span class='ocrx_word' id='word_1_149' title='bbox 418 2588 586 2641; x_wconf 91' lang='lat' dir='ltr'>momento</span> <span class='ocrx_word' id='word_1_150' title='bbox 609 2579 774 2661; x_wconf 86' lang='lat' dir='ltr'>temporis.</span> 
     </span>
    </p>

    <p class='ocr_par' dir='ltr' id='par_1_7' title="bbox 127 2684 1085 3088">
     <span class='ocr_line' id='line_1_24' title="bbox 189 2684 1084 2766; baseline 0.001 -20"><span class='ocrx_word' id='word_1_151' title='bbox 189 2684 415 2749; x_wconf 79' lang='lat' dir='ltr'><strong>RESPONDEO</strong></span> <span class='ocrx_word' id='word_1_152' title='bbox 439 2684 491 2747; x_wconf 89' lang='lat' dir='ltr'>hic</span> <span class='ocrx_word' id='word_1_153' title='bbox 514 2694 654 2766; x_wconf 89' lang='lat' dir='ltr'>quatuor</span> <span class='ocrx_word' id='word_1_154' title='bbox 678 2694 753 2747; x_wconf 93' lang='lat' dir='ltr'>sunt</span> <span class='ocrx_word' id='word_1_155' title='bbox 776 2686 926 2747; x_wconf 87' lang='lat' dir='ltr'>videnda.</span> <span class='ocrx_word' id='word_1_156' title='bbox 958 2686 1084 2760; x_wconf 78' lang='lat' dir='ltr'>Prima,</span> 
     </span>
     <span class='ocr_line' id='line_1_25' title="bbox 127 2788 1084 2874; baseline 0.005 -25"><span class='ocrx_word' id='word_1_157' title='bbox 127 2788 200 2867; x_wconf 93' lang='lat' dir='ltr'>quid</span> <span class='ocrx_word' id='word_1_158' title='bbox 224 2792 264 2853; x_wconf 91' lang='lat' dir='ltr'>sit</span> <span class='ocrx_word' id='word_1_159' title='bbox 287 2802 427 2874; x_wconf 89' lang='lat' dir='ltr'>tempus.</span> <span class='ocrx_word' id='word_1_160' title='bbox 455 2791 608 2866; x_wconf 74' lang='lat' dir='ltr'>Secundo,</span> <span class='ocrx_word' id='word_1_161' title='bbox 633 2792 713 2873; x_wconf 90' lang='lat' dir='ltr'>quid</span> <span class='ocrx_word' id='word_1_162' title='bbox 736 2793 777 2854; x_wconf 90' lang='lat' dir='ltr'>sit</span> <span class='ocrx_word' id='word_1_163' title='bbox 815 2813 935 2854; x_wconf 80' lang='lat' dir='ltr'>aevum.</span> <span class='ocrx_word' id='word_1_164' title='bbox 971 2793 1084 2864; x_wconf 81' lang='lat' dir='ltr'>Tertio,</span> 
     </span>
     <span class='ocr_line' id='line_1_26' title="bbox 128 2893 1085 2981; baseline 0.009 -29"><span class='ocrx_word' id='word_1_165' title='bbox 128 2893 151 2953; x_wconf 92' lang='lat' dir='ltr'>si</span> <span class='ocrx_word' id='word_1_166' title='bbox 172 2916 239 2959; x_wconf 87' lang='lat' dir='ltr'>esse</span> <span class='ocrx_word' id='word_1_167' title='bbox 262 2898 369 2981; x_wconf 85' lang='lat' dir='ltr'>angeli</span> <span class='ocrx_word' id='word_1_168' title='bbox 387 2907 590 2961; x_wconf 87' lang='lat' dir='ltr'>mensuratur</span> <span class='ocrx_word' id='word_1_169' title='bbox 606 2908 754 2981; x_wconf 91' lang='lat' dir='ltr'>tempore</span> <span class='ocrx_word' id='word_1_170' title='bbox 770 2900 821 2960; x_wconf 89' lang='lat' dir='ltr'>vel</span> <span class='ocrx_word' id='word_1_171' title='bbox 845 2920 929 2961; x_wconf 86' lang='lat' dir='ltr'>aevo.</span> <span class='ocrx_word' id='word_1_172' title='bbox 952 2898 1085 2974; x_wconf 81' lang='lat' dir='ltr'>Quarto,</span> 
     </span>
     <span class='ocr_line' id='line_1_27' title="bbox 127 3006 1085 3088; baseline 0.007 -26"><span class='ocrx_word' id='word_1_173' title='bbox 127 3019 189 3081; x_wconf 88' lang='lat' dir='ltr'>qua</span> <span class='ocrx_word' id='word_1_174' title='bbox 212 3025 364 3067; x_wconf 86' lang='lat' dir='ltr'>mensura</span> <span class='ocrx_word' id='word_1_175' title='bbox 389 3015 616 3068; x_wconf 87' lang='lat' dir='ltr'>mensurantur</span> <span class='ocrx_word' id='word_1_176' title='bbox 644 3006 836 3087; x_wconf 89' lang='lat' dir='ltr'>angelorum</span> <span class='ocrx_word' id='word_1_177' title='bbox 872 3007 1085 3088; x_wconf 86' lang='lat' dir='ltr'>operationes.</span> 
     </span>
    </p>
   </div>
   <div class='ocr_carea' id='block_1_4' title="bbox 130 3216 1087 3728">
    <p class='ocr_par' dir='ltr' id='par_1_8' title="bbox 130 3216 1087 3728">
     <span class='ocr_line' id='line_1_28' title="bbox 195 3216 1087 3302; baseline -0.004 -18"><span class='ocrx_word' id='word_1_178' title='bbox 195 3216 421 3302; x_wconf 75' lang='lat' dir='ltr'>Quantum</span> <span class='ocrx_word' id='word_1_179' title='bbox 445 3220 510 3284; x_wconf 81' lang='lat' dir='ltr'>ad</span> <span class='ocrx_word' id='word_1_180' title='bbox 519 3218 741 3301; x_wconf 72' lang='lat' dir='ltr'>primum,</span> <span class='ocrx_word' id='word_1_181' title='bbox 766 3219 854 3280; x_wconf 89' lang='lat' dir='ltr'>salva</span> <span class='ocrx_word' id='word_1_182' title='bbox 879 3219 1001 3281; x_wconf 89' lang='lat' dir='ltr'>meliori</span> <span class='ocrx_word' id='word_1_183' title='bbox 1018 3239 1087 3280; x_wconf 90' lang='lat' dir='ltr'>sen-</span> 
     </span>
     <span class='ocr_line' id='line_1_29' title="bbox 130 3324 1082 3408; baseline 0.006 -28"><span class='ocrx_word' id='word_1_184' title='bbox 130 3324 231 3399; x_wconf 92' lang='lat' dir='ltr'>tentia,</span> <span class='ocrx_word' id='word_1_185' title='bbox 256 3347 332 3408; x_wconf 88' lang='lat' dir='ltr'>quae</span> <span class='ocrx_word' id='word_1_186' title='bbox 357 3347 422 3388; x_wconf 93' lang='lat' dir='ltr'>non</span> <span class='ocrx_word' id='word_1_187' title='bbox 461 3334 619 3389; x_wconf 88' lang='lat' dir='ltr'>consonat</span> <span class='ocrx_word' id='word_1_188' title='bbox 655 3325 749 3388; x_wconf 88' lang='lat' dir='ltr'>dictis</span> <span class='ocrx_word' id='word_1_189' title='bbox 784 3326 936 3388; x_wconf 87' lang='lat' dir='ltr'>Doctoris</span> <span class='ocrx_word' id='word_1_190' title='bbox 971 3326 1082 3401; x_wconf 89' lang='lat' dir='ltr'>nostri,</span> 
     </span>
     <span class='ocr_line' id='line_1_30' title="bbox 132 3432 1086 3513; baseline 0.004 -24"><span class='ocrx_word' id='word_1_191' title='bbox 132 3448 213 3507; x_wconf 91' lang='lat' dir='ltr'>pono</span> <span class='ocrx_word' id='word_1_192' title='bbox 224 3433 306 3495; x_wconf 89' lang='lat' dir='ltr'>duas</span> <span class='ocrx_word' id='word_1_193' title='bbox 323 3432 564 3496; x_wconf 77' lang='lat' dir='ltr'>Conclusiones</span> <span class='ocrx_word' id='word_1_194' title='bbox 581 3433 712 3507; x_wconf 78' lang='lat' dir='ltr'>Prima,</span> <span class='ocrx_word' id='word_1_195' title='bbox 730 3433 819 3513; x_wconf 91' lang='lat' dir='ltr'>quod</span> <span class='ocrx_word' id='word_1_196' title='bbox 835 3442 967 3513; x_wconf 86' lang='lat' dir='ltr'>tempus</span> <span class='ocrx_word' id='word_1_197' title='bbox 983 3452 1086 3513; x_wconf 89' lang='lat' dir='ltr'>quan-</span> 
     </span>
     <span class='ocr_line' id='line_1_31' title="bbox 131 3539 1086 3602; baseline 0.006 -7"><span class='ocrx_word' id='word_1_198' title='bbox 131 3541 196 3597; x_wconf 89' lang='lat' dir='ltr'>tum</span> <span class='ocrx_word' id='word_1_199' title='bbox 218 3540 260 3601; x_wconf 93' lang='lat' dir='ltr'>ad</span> <span class='ocrx_word' id='word_1_200' title='bbox 283 3559 380 3601; x_wconf 90' lang='lat' dir='ltr'>suum</span> <span class='ocrx_word' id='word_1_201' title='bbox 413 3559 482 3601; x_wconf 91' lang='lat' dir='ltr'>esse</span> <span class='ocrx_word' id='word_1_202' title='bbox 517 3540 681 3602; x_wconf 89' lang='lat' dir='ltr'>materiale</span> <span class='ocrx_word' id='word_1_203' title='bbox 704 3560 770 3601; x_wconf 95' lang='lat' dir='ltr'>non</span> <span class='ocrx_word' id='word_1_204' title='bbox 794 3548 843 3602; x_wconf 90' lang='lat' dir='ltr'>est</span> <span class='ocrx_word' id='word_1_205' title='bbox 877 3539 936 3601; x_wconf 91' lang='lat' dir='ltr'>nisi</span> <span class='ocrx_word' id='word_1_206' title='bbox 976 3547 1086 3601; x_wconf 87' lang='lat' dir='ltr'>motus</span> 
     </span>
     <span class='ocr_line' id='line_1_32' title="bbox 135 3642 1087 3728; baseline 0.004 -25"><span class='ocrx_word' id='word_1_207' title='bbox 135 3642 220 3721; x_wconf 91' lang='lat' dir='ltr'>primi</span> <span class='ocrx_word' id='word_1_208' title='bbox 233 3645 370 3709; x_wconf 80' lang='lat' dir='ltr'>mobilis</span> <span class='ocrx_word' id='word_1_209' title='bbox 385 3644 534 3709; x_wconf 81' lang='lat' dir='ltr'>Secunda</span> <span class='ocrx_word' id='word_1_210' title='bbox 556 3644 722 3710; x_wconf 77' lang='lat' dir='ltr'>Conclusio</span> <span class='ocrx_word' id='word_1_211' title='bbox 734 3647 824 3728; x_wconf 94' lang='lat' dir='ltr'>quod</span> <span class='ocrx_word' id='word_1_212' title='bbox 840 3656 970 3727; x_wconf 91' lang='lat' dir='ltr'>tempus</span> <span class='ocrx_word' id='word_1_213' title='bbox 986 3666 1087 3727; x_wconf 90' lang='lat' dir='ltr'>quan-</span> 
     </span>
    </p>
   </div>
   <div class='ocr_carea' id='block_1_5' title="bbox 0 0 1340 4267">
    <p class='ocr_par' dir='ltr' id='par_1_9' title="bbox 0 0 1340 4267">
     <span class='ocr_line' id='line_1_33' title="bbox 0 0 1340 4267; baseline 0 0"><span class='ocrx_word' id='word_1_214' title='bbox 0 0 1340 4267; x_wconf 95' lang='lat' dir='ltr'> </span> 
     </span>
    </p>
   </div>
  </div>
 </body>
</html>
