2634 4267
250 263 315 326 344
494 248 568 311 Lm.
592 248 623 311 ΙΙ
647 248 941 313 suni-smmum

1018 366 1175 374 —·—

601 453 778 536 Qunsmo
802 454 842 517 11.

279 585 386 641 Utrum
403 585 513 654 aliquid
530 586 610 641 uliud
627 604 647 642 a
665 587 812 643 voluntate
830 588 929 642 oauset
947 586 1068 641 ettootlvo
1084 588 1172 640 notum

231 673 262 729 tn
279 674 438 731 voluntate.

296 794 434 856 Videtur
455 796 545 876 quod
561 793 605 857 sic
621 782 679 876 per
696 794 932 876 Philosophum
949 812 983 873 J.
1000 795 1038 857 de
1052 794 1172 863 Anima,

232 902 289 982 qui
313 902 389 963 dicit
412 902 502 983 quod
524 902 689 983 appetitus
712 911 863 964 movetur
886 902 928 964 ab
952 900 1115 983 appetibili.

298 1026 326 1071 2.
342 1010 510 1081 Praeterea,
519 1010 671 1071 voluntas
684 1029 749 1071 non
762 1017 811 1071 est
824 1008 970 1090 potentia
981 1008 1094 1082 activa;
1105 1026 1174 1087 ergo

233 1136 298 1177 non
323 1125 433 1177 causat
456 1115 601 1179 effective
624 1136 718 1177 suam
756 1115 957 1189 volitionem,
992 1123 1025 1177 et
1056 1134 1108 1175 sua
1126 1132 1174 1173 vo

231 1221 299 1284 litio
322 1221 466 1284 effective
488 1231 657 1300 causatur;
675 1242 754 1304 ergo
777 1222 819 1284 ab
834 1222 907 1287 alio.
925 1221 1114 1284 Antecedens
1127 1240 1173 1300 pa-

229 1338 277 1393 tet
300 1330 377 1411 quia
404 1329 549 1410 potentia
583 1329 689 1391 activa
723 1338 771 1391 est
806 1328 1001 1411 principium
1035 1338 1174 1390 transmu-

227 1437 317 1499 tandi
341 1437 441 1499 alz'ud
459 1436 639 1499 secundum
656 1436 747 1517 quod
762 1436 867 1510 aliud,
880 1452 915 1518 5.
932 1444 965 1497 et
982 1454 1012 1517 9.
1030 1431 1172 1514 Metam,-

230 1544 286 1606 sed
309 1544 460 1635 uoluntas
472 1563 537 1605 non
550 1552 599 1605 est
618 1542 814 1624 principium
830 1542 1067 1604 transmutandi
1085 1540 1174 1620 objec-

228 1659 310 1723 tum,
328 1651 405 1732 quia
420 1660 498 1712 tunc
514 1650 583 1731 ejus
599 1650 683 1712 actio
699 1659 782 1712 esset
799 1650 963 1712 transiens
979 1658 1012 1711 et
1027 1648 1173 1728 objectum

230 1757 424 1838 inquantum
449 1756 615 1837 objectum
639 1756 774 1838 patiens
788 1756 878 1837 quod
890 1765 938 1818 est
955 1755 1070 1817 falsum
1080 1775 1087 1830 ;
1108 1770 1174 1833 ergo

231 1864 256 1925 si
268 1864 390 1945 aliquid
414 1864 453 1924 sit
476 1864 618 1926 activum
644 1884 709 1926 non
733 1873 782 1925 est
803 1863 860 1925 nisi
881 1863 1048 1943 objectum
1070 1870 1099 1922 et
1120 1877 1173 1919 non
1286 1838 1287 1881 ³

233 1970 393 2042 voluntas,
418 1970 494 2050 quia
516 1970 667 2032 voluntas
698 1991 764 2032 non
782 1978 829 2032 est
842 1969 929 2031 aliud
941 1990 960 2030 a
973 1969 1088 2050 seipsa;
1108 1984 1174 2045 ergo

229 2098 295 2139 non
320 2078 438 2158 poterit
454 2097 488 2139 se
501 2098 632 2139 movere
643 2078 686 2138 ad
701 2086 812 2139 actum
837 2077 977 2139 volendi.

300 2200 332 2262 3.
356 2185 524 2258 Praeterea,
549 2183 699 2246 accidens
723 2203 779 2265 per
814 2184 963 2246 accidens
992 2203 1057 2245 nou
1089 2180 1174 2243 oritur

232 2313 251 2351 a
275 2291 437 2373 principiis
453 2290 606 2371 subjecti;
631 2292 688 2353 sed
712 2290 793 2353 velle
816 2301 865 2354 est
887 2290 1037 2352 accidens
1061 2308 1113 2371 per
1133 2304 1176 2347 ac·

232 2398 358 2460 cidens:
375 2418 464 2479 ergo

296 2524 326 2582 4.
352 2506 520 2578 Praeterea,
537 2505 628 2586 quod
650 2514 700 2567 est
723 2504 1009 2567 indeterminatum
1033 2506 1075 2567 ad
1091 2521 1179 2585 oppo-

230 2612 290 2674 sita
315 2633 380 2674 non
404 2621 510 2693 potest
534 2632 567 2673 se
602 2612 817 2675 determinare
839 2612 882 2674 ad
907 2632 1010 2674 unum
1045 2611 1179 2682 illorum;

229 2720 286 2781 sed
309 2720 459 2781 voluntas
483 2728 531 2781 est
553 2719 802 2781 indeterminata
825 2719 866 2780 ad
890 2718 971 2781 velle
986 2719 1073 2780 etad
1089 2716 1181 2791 nolle;

232 2846 312 2907 ergo
335 2847 401 2888 non
418 2835 525 2907 potest
548 2847 582 2887 se
606 2826 819 2888 determinare
842 2825 884 2887 ad
908 2825 1002 2887 nolle.

303 2929 433 3005 Contra,
459 2933 668 3014 Augustinus
692 2952 742 2996 12.
760 2933 799 2995 de
827 2931 897 2995 civ.
922 2932 996 3006 Dei,
1013 2928 1184 3013 dicitquod

231 3039 256 3100 si
280 3048 356 3101 sunt
379 3040 446 3101 duo
469 3040 635 3120 aequaliter
659 3040 764 3103 affecti
788 3040 820 3102 in
852 3039 961 3102 anima
991 3047 1024 3101 et
1048 3057 1184 3120 corpore,

227 3154 260 3208 et
283 3145 448 3226 objectum
462 3156 684 3227 praesentetur‚
699 3167 782 3209 unus
798 3146 953 3221 adhaeret,
970 3155 1003 3208 et
1015 3146 1097 3208 alius
1109 3164 1169 3207 non
1178 3164 1185 3220 ;

232 3262 265 3315 et
289 3253 376 3314 unde
400 3252 462 3315 hoc
496 3254 545 3325 sit,
571 3255 746 3335 respondet
780 3255 912 3336 quoda
946 3254 1126 3315 voiuntate.
1147 3282 1187 3297 -

228 3360 409 3433 Praeterea,
446 3359 625 3422 Anselmus
652 3362 692 3423 de
728 3371 876 3442 conceptu
914 3360 1085 3442 virginali
1116 3357 1186 3420 dicit

232 3467 323 3547 quod
346 3466 454 3529 anima
473 3476 522 3529 est
537 3488 693 3531 numerus
716 3468 854 3549 seipsam
880 3488 1025 3534 movens.
1041 3504 1087 3555 ‘.
1102 3466 1185 3529 Pru·

234 3583 328 3645 terea,
338 3575 341 3582 ’
353 3572 569 3655 Philosophus
585 3592 616 3656 9.
630 3572 777 3654 Metaplz.
795 3574 873 3636 dicit
885 3576 975 3656 quod
988 3575 1185 3657 prohaeresis‚

225 3673 317 3764 ‘idest
340 3680 453 3740 eiectio
477 3680 527 3740 vel
550 3680 719 3759 voluntas,
745 3679 843 3742 habet
858 3682 1085 3745 determinare.
