2634 4267
301 198 359 258 168
554 197 628 258 Lm.
654 197 683 258 ΙΙ
708 196 1001 260 Ssuraurmuuu

273 409 371 482 patet.
396 402 593 464 Antecedens
605 402 763 484 probatur
775 423 832 482 per
856 401 1076 483 Augustinum
1098 419 1141 462 12.
1161 400 1200 460 De

278 506 349 572 civ.
374 509 448 579 Dei,
477 508 532 570 ubi
557 508 633 571 dicit
662 508 752 589 quod
784 508 875 570 Deus
905 507 966 570 suit
996 529 1099 570 creans
1124 505 1201 568 simul

275 623 424 676 naturam
448 614 629 696 angelicam
653 624 687 676 et
710 615 791 676 dans
815 614 971 696 gratiam;
996 615 1051 676 sed
1073 615 1095 676 si
1110 611 1204 674 habuit

274 721 429 802 gratiam3
462 741 540 802 ergo
571 730 604 783 et
635 721 783 802 gloriam.
820 721 973 783 Probatio
1006 719 1204 801 consequentis,

170 815 174 820 ⁷
273 828 351 909 quia
374 829 508 909 angelus
532 848 598 896 non
622 828 771 889 discurrit
795 828 878 890 circa
909 827 1114 908 perfectiones
1134 834 1207 888 natu-

274 935 372 1008 rales;
396 955 475 1016 ergo
500 955 560 996 nec
583 934 667 995 circa
691 933 903 1016 perfectiones
927 934 1180 1015 supernaturales.

341 1042 381 1102 ln
406 1042 606 1103 contrarium
630 1050 679 1102 est
703 1040 861 1122 Origenes
884 1041 939 1122 qui
964 1041 1041 1103 dicit
1064 1041 1146 1122 quod
1163 1059 1210 1101 ser-

274 1168 354 1229 pens
378 1148 458 1209 idest
482 1147 630 1209 diabolus
654 1168 719 1209 non
744 1148 853 1209 statim
877 1168 973 1228 super
990 1156 1101 1228 pectus
1119 1146 1211 1207 ambu-

276 1255 353 1317 lavit
376 1255 458 1316 sicut
481 1274 539 1315 nec
557 1253 669 1315 Adam
695 1274 753 1316 nec
775 1254 848 1315 Eva
871 1254 980 1315 statim
1009 1260 1210 1335 peccaverunt

343 1363 567 1424 RESPONslot
592 1359 644 1422 hic
668 1360 728 1422 tria
744 1353 992 1434 summittenda,
1008 1361 1116 1442 primo
1137 1359 1160 1421 si
1173 1379 1212 1419 an-

276 1468 367 1549 gelus
391 1468 498 1548 potuit
521 1488 663 1548 peccare,
688 1467 824 1530 secundo
847 1467 872 1528 si
896 1467 1048 1548 Angelus
1072 1466 1170 1549 potuit
1182 1464 1212 1525 ab

276 1574 406 1636 instanti
430 1595 497 1635 suae
521 1574 700 1647 creationis
725 1574 817 1636 tertio
848 1573 927 1654 quid
958 1573 999 1634 sit
1029 1574 1070 1635 de
1100 1569 1212 1634 saetosi

276 1681 317 1742 ab
341 1681 470 1743 instanti
495 1701 562 1742 suae
587 1681 757 1742 creationis
780 1680 961 1762 peccaverit
984 1689 1017 1741 et
1038 1678 1098 1742 fuit
1120 1678 1211 1740 malus.

270 1968 274 1973 ,
349 1893 572 1978 parantum
597 1894 662 1958 ad
673 1893 878 1976 primum
900 1893 974 1955 dico
1005 1893 1095 1974 quod
1124 1892 1170 1964 sic,
1189 1897 1212 1950 et

276 2001 488 2081 persuadetur
511 2000 693 2081 tripliciter:

343 2106 457 2168 Primo
481 2107 541 2169 sic:
567 2107 712 2187 operatio
737 2127 803 2168 non
826 2114 875 2167 est
899 2106 1012 2168 melior
1036 2127 1133 2188 quam
1153 2103 1211 2165 sub·

277 2214 410 2275 stantia:
436 2213 491 2275 sed
515 2214 695 2276 substantia
718 2213 825 2295 angeli
850 2233 926 2275 cum
950 2213 991 2274 sit
1015 2213 1056 2274 de
1080 2212 1171 2274 nihilo
1189 2216 1211 2270 et

277 2320 379 2401 possit
403 2340 467 2381 non
491 2341 560 2382 esse
584 2341 640 2401 per
664 2319 940 2393 annihilationem,
965 2328 1013 2381 est
1037 2315 1210 2388 defectibilis

277 2447 356 2507 ergo
369 2427 514 2507 operatio
537 2427 607 2507 ejus
619 2424 818 2500 defectibilis,
848 2434 880 2487 et
904 2426 948 2487 sic
961 2434 1070 2507 potest
1093 2441 1210 2507 peccare.

343 2534 517 2605 Proeterea,
546 2554 645 2615 agens
669 2533 762 2612 cujus
786 2532 903 2614 regula
913 2533 1039 2594 realiter
1064 2532 1164 2594 differt
1184 2528 1211 2590 ab

278 2641 348 2720 ipso
372 2648 479 2720 potest
502 2640 543 2701 ab
568 2641 636 2720 ipsa
661 2639 806 2714 deviare;
831 2639 888 2702 sed
912 2639 1047 2720 angelus
1064 2639 1157 2701 habet
1170 2654 1211 2718 pro

278 2747 390 2828 regula
414 2746 557 2807 divinam
581 2746 784 2807 voluntatem
809 2767 884 2826 quae
909 2746 1035 2807 realiter
1060 2746 1160 2808 differt
1184 2740 1210 2803 ab

278 2852 412 2934 angelo;
436 2873 516 2933 ergo
540 2860 647 2933 potest
671 2852 712 2913 ab
736 2873 774 2913 ea
804 2852 943 2927 deviare,
975 2861 1007 2914 et
1041 2874 1098 2934 per
1128 2867 1210 2914 conse·

277 2980 380 3041 quens
404 2968 511 3040 potest
534 2980 678 3040 peccare.

350 3067 454 3128 Tertio
477 3067 530 3140 sic,
563 3067 639 3148 quia
675 3066 855 3128 Anselmus
873 3059 924 3128 'in
955 3066 1027 3128 Lib.
1060 3087 1119 3128 cur
1145 3065 1209 3126 Deus

277 3171 369 3234 horno
393 3173 479 3246 dicit,
503 3173 593 3254 quod
618 3175 709 3235 Deus
734 3193 799 3234 non
824 3181 932 3254 potest
955 3171 1060 3234 facere
1092 3172 1209 3236 homines

278 3279 512 3360 impeccabiles,
537 3280 620 3366 sicut
644 3301 703 3342 nec
726 3288 835 3360 potest
858 3300 913 3342 eos
929 3277 1034 3341 facere
1059 3282 1145 3343 Deos
1153 3269 1208 3356 3scd

278 3386 392 3448 eadem
416 3396 465 3448 est
488 3387 569 3448 ratio
593 3387 633 3448 de
657 3387 780 3468 angelis
804 3394 836 3447 et
860 3385 1066 3467 hominibus;
1090 3407 1169 3468 ergo.

354 3598 576 3683 deterritum
598 3601 678 3678 ,ad
706 3601 949 3664 eecrmdmn
988 3599 1207 3666 Articulum
