2634 4267
363 262 836 346 Drsrch.1QuAEsT.VI
903 278 906 284 ·
1023 282 1060 348 55
1090 335 1092 342 ,

126 472 232 535 Tertio
263 472 342 553 quia
369 471 401 533 in
426 471 559 533 materia
590 472 771 535 secundum
796 493 830 535 se
860 473 948 535 nulla
971 481 1019 536 est
1043 473 1089 535 di·
1126 508 1129 514 ·

120 578 256 641 versitas
279 599 336 640 seu
353 578 526 640 distinctio.

156 708 160 717 ⁴
189 680 277 753 Ideo
301 687 359 751 est
379 682 459 751 aliia
482 682 622 769 opimo
639 680 791 753 Thoante
813 686 903 768 quod
926 686 1007 748 ratio
1030 686 1092 749 hu-

119 792 174 873 jus
197 792 413 854 distinctionis
436 800 484 853 est
516 793 675 874 inceseret
705 792 813 854 minor
838 794 968 875 gradus
999 794 1031 855 in
1055 814 1090 855 a-

124 899 213 961 nima
237 908 271 960 et
294 899 422 979 angelo
446 907 527 979 puta
549 899 639 979 quod
668 899 803 981 angelus
834 899 990 981 intellegit
1020 900 1090 962 sine

123 1005 283 1079 discursu,
306 1004 417 1066 anima
447 1025 524 1067 vero
555 1025 630 1067 curn
662 1005 817 1067 discursu.
850 1006 906 1067 Et·
926 1006 1089 1087 probatur

124 1132 182 1193 per
205 1111 309 1173 simile
333 1111 409 1192 quia
431 1110 582 1173 sensitiva
605 1112 637 1172 in
661 1110 794 1174 homine
809 1121 842 1174 et
865 1112 896 1174 in
914 1112 1015 1174 brutis
1038 1112 1090 1174 di-

125 1218 339 1299 stinguuntur
362 1218 543 1280 secundum
567 1217 710 1301 diversos
734 1218 854 1299 gradus
877 1218 1044 1280 sentiendi.

195 1324 265 1387 Sed
284 1332 404 1386 contra.
430 1322 555 1385 Anima
582 1344 648 1386 non
680 1324 828 1386 discurrit
860 1325 944 1387 circa
975 1326 1092 1407 princi-

125 1432 181 1513 pia
204 1439 237 1492 et
260 1430 369 1492 anima
392 1430 540 1492 discurrit
558 1431 654 1493 xcirca
685 1431 925 1511 conclusiones;
956 1452 1036 1512 ergo
1066 1433 1091 1493 si

125 1558 326 1619 cognoscere
349 1557 424 1599 cum
449 1537 592 1599 discursu
617 1546 649 1599 et
662 1538 730 1599 sine
753 1538 897 1600 discursu
910 1539 1017 1620 arguit
1035 1538 1092 1600 dif-

126 1644 299 1707 ferentiam
323 1645 373 1706 vel
403 1644 641 1707 distinctionem
677 1643 872 1725 specificam,
896 1665 975 1726 ergo
998 1655 1093 1707 erunt

125 1752 171 1814 ibi
187 1751 265 1812 duae
281 1750 399 1814 animae
416 1750 629 1832 intelligentes
645 1750 775 1813 alterius
790 1751 916 1832 speciei,
934 1772 999 1814 una
1015 1773 1090 1833 quae

125 1857 279 1939 intelligit
294 1856 461 1938 principia,
478 1865 510 1919 et
525 1857 588 1918 alia
603 1877 678 1938 quae
695 1857 844 1939 intelligit
860 1858 1092 1932 conclusiones;

124 1985 208 2047 ergo
232 1973 328 2025 erunt
350 1963 396 2025 ibi
420 1964 494 2025 duae
518 1964 646 2026 animae.

194 2070 371 2141 Praeterea,
399 2070 508 2131 anima
531 2069 626 2131 beata
649 2070 682 2132 in
706 2069 836 2150 objecto
859 2068 1010 2132 beatifico
1028 2091 1092 2132 non

125 2177 280 2239 discurrit
303 2176 388 2238 circa
411 2176 499 2250 illud,
524 2176 674 2238 discurrit
688 2185 798 2237 autem
823 2177 907 2238 circa
927 2176 1093 2257 objectum

127 2284 302 2366 cognitum
327 2284 532 2360 naturaliter;
557 2304 636 2365 ergo
660 2283 743 2345 sicut
766 2283 864 2364 prius.

196 2390 372 2461 Praeterea,
393 2390 472 2469 quid
488 2390 637 2471 intelligit
662 2411 718 2471 per
743 2388 804 2451 hoc
828 2390 917 2470 quod
941 2390 1018 2452 dicit
1041 2411 1095 2451 an-

130 2497 243 2580 gelum
268 2496 446 2577 intelligere
469 2496 536 2559 sine
559 2496 715 2570 discursu,
747 2505 804 2558 aut
834 2497 911 2577 quia
941 2517 1006 2558 non
1038 2496 1095 2557 ha-

131 2604 186 2666 bet
211 2603 402 2685 potentiam,
427 2624 492 2683 qua
516 2603 653 2684 cognitis
678 2603 843 2684 principiis
871 2603 972 2684 possit
1003 2603 1095 2664 intel-

131 2711 231 2793 ligere
256 2708 487 2783 conclusiones,
512 2717 544 2771 et
560 2708 623 2771 hoc
639 2730 715 2784 non,
745 2710 821 2791 quia
845 2719 924 2771 tunc
940 2717 1023 2771 esset
1039 2710 1096 2769 im-

133 2815 306 2898 perfectior
329 2814 490 2877 intellectu
516 2824 636 2878 nostr0.
662 2817 736 2878 Aut
751 2816 901 2897 intelligit
917 2817 1007 2897 quod
1023 2816 1096 2877 ideo

133 2943 200 2987 non
225 2931 333 3004 potest
349 2922 534 2997 discurrere,
559 2922 635 3003 quia
651 2944 765 2985 omnes
781 2923 1004 2985 conclusiones
1021 2932 1096 2984 sunt

132 3029 193 3091 sibi
217 3028 386 3091 actualiter
410 3038 496 3092 notae
520 3051 539 3091 a
563 3030 730 3110 principio,
755 3039 787 3091 et
815 3030 878 3091 hoc
910 3051 985 3102 non,
1021 3030 1097 3110 quia

134 3156 200 3198 non
226 3136 337 3198 omnia
360 3156 379 3196 a
403 3136 560 3217 principio
577 3137 743 3198 actualiter
759 3146 791 3197 et
807 3136 954 3197 distincte
979 3156 1098 3217 cogno-

129 3244 189 3305 vvit.
214 3242 291 3305 Aut
315 3242 465 3323 intelligit
488 3243 578 3324 quod
595 3264 661 3304 non
685 3251 792 3324 potest
815 3243 888 3304 ideo
910 3243 1096 3311 discurrere,

130 3350 210 3432 quia
234 3349 346 3411 omnia
369 3358 446 3411 sunt
469 3348 528 3411 sibi
552 3349 756 3411 habitualiter
780 3358 857 3410 nota
881 3371 900 3410 a
929 3341 1096 3430 principio,

128 3465 164 3519 et
187 3457 253 3518 hoc
277 3476 343 3517 non
356 3456 450 3537 ponit
465 3455 677 3517 differentiam
699 3456 899 3518 essentialem
917 3455 1098 3517 intellectus

130 3563 238 3647 angeli
262 3583 282 3624 a
306 3562 410 3636 nobiS,
435 3561 511 3642 quia
528 3562 559 3623 -si
583 3562 740 3624 inanima
757 3582 829 3624 mea
854 3564 944 3623 Deus
966 3562 1097 3642 impres-

129 3671 223 3735 sisset
254 3669 407 3733 notitiam
440 3666 645 3730 habitualem
670 3668 829 3742 omnium,
863 3688 928 3728 non
964 3675 1097 3749 propter
