2634 4267
292 254 480 315 D1samcs.
505 253 569 314 Vll
595 250 741 332 QUAEST.
767 251 780 313 Ι
965 269 1020 331 191

87 480 162 540 quas
183 459 359 541 'potissima
382 457 707 530 circumstantiarum,
731 466 780 519 cst
799 456 1044 520 circumstantia

87 564 162 627 finis.
192 567 305 628 Tertia
329 565 457 627 bonitas
480 564 597 626 dicitur
621 563 792 637 meritoria,
817 584 892 644 quae
916 583 1047 646 compe-

85 672 120 733 tit
141 673 229 734 actui
254 693 297 734 ex
321 671 386 734 hoc
419 671 509 752 quod
543 669 713 752 supposita
747 669 867 751 duplici
899 670 1046 734 bonitate

84 777 261 859 jamdicta,
278 779 350 860 ipsa
365 777 489 840 elicitur
499 775 710 840 conformiter
721 776 880 858 principio
899 778 1045 839 merendi

86 886 170 964 quod
182 886 304 948 dicitur
320 884 460 947 charitas
472 885 522 947 vel
536 884 649 966 gratia.
662 919 706 932 -
719 883 804 945 Huic
826 884 943 965 triplici
956 884 1044 946 boni·

86 992 139 1053 tati
151 993 333 1074 opponitur
345 991 464 1072 triplex
477 991 608 1054 malitia.
621 989 740 1052 Prima
752 999 801 1052 est
814 990 934 1052 malitia
947 991 978 1052 in
992 1012 1046 1073 ge·

85 1117 164 1160 nere.
182 1098 346 1172 Secunda,
365 1099 485 1160 malitia
501 1119 544 1160 ex
556 1097 798 1159 circumstantia
814 1118 889 1178 quae
905 1098 1043 1180 opponi-

85 1212 133 1266 tur
148 1206 293 1269 bonitati
301 1206 425 1268 morali.
445 1205 553 1267 Tertia
564 1213 612 1266 est
633 1204 756 1266 malitia
779 1203 992 1278 demeritorie,
1009 1215 1042 1267 et

87 1313 260 1392 opponitur
283 1312 422 1375 bonitati
457 1311 639 1374 meritoriae.
676 1311 721 1372 Et
755 1320 833 1372 nota
863 1312 953 1391 quod
987 1312 1043 1372 ali·

88 1420 214 1496 quando
243 1419 373 1482 bonitas
407 1427 439 1480 et
470 1418 591 1480 malitia
622 1418 666 1479 sic
697 1426 919 1498 opponuntur,
951 1419 1042 1498 quod

86 1522 125 1584 ibi
146 1527 273 1588 nullum
296 1534 346 1587 est
369 1526 445 1587 dare
468 1534 578 1587 actum
595 1523 829 1586 indifferentem
847 1524 930 1586 sicut
953 1524 1041 1586 boni·

88 1636 131 1690 tas
151 1651 194 1694 ex
219 1652 338 1714 genere
360 1641 394 1694 et
417 1631 538 1693 malitia
561 1631 619 1693 sibi
644 1630 804 1712 opposita.
823 1630 868 1692 Et
895 1631 976 1693 ratio
993 1639 1041 1693 est

89 1735 157 1813 quia
179 1748 272 1800 actus
296 1758 362 1800 non
378 1747 571 1819 potestesse
594 1737 652 1799 nisi
669 1746 811 1798 transeat
823 1758 919 1818 super
935 1738 1040 1819 objec-

89 1847 152 1904 tum
175 1846 382 1919 conveniens,
406 1853 438 1906 et
461 1853 540 1907 tunc
562 1853 611 1906 est
634 1844 763 1906 bonitas
775 1864 818 1906 ex
839 1865 971 1926 genere;
988 1846 1038 1906 vel

88 1967 176 2030 super
198 1952 367 2033 objectum
392 1950 647 2024 disconveniens,
672 1959 704 2012 et
734 1959 813 2013 tunc
836 1959 884 2012 est
915 1951 1036 2012 malitia

88 2053 140 2115 sibi
161 2060 322 2140 opposita.
346 2058 539 2138 Aliquando
561 2065 672 2119 autem
696 2057 824 2119 bonitas
853 2066 885 2119 et
917 2057 1037 2120 malitia

90 2160 128 2221 sic
149 2175 370 2246 opponuntur,
394 2165 484 2246 q'uod
519 2164 561 2226 ibi
585 2172 633 2225 est
664 2164 741 2225 dare
771 2172 882 2232 actum
914 2163 1037 2226 indiffe-

89 2278 202 2333 rentem
225 2273 309 2334 sicut
333 2272 366 2333 in
382 2272 525 2333 secundo
541 2280 573 2332 et
597 2271 692 2333 tertio
709 2270 819 2343 modu,
844 2279 876 2332 et
892 2270 1037 2352 intelligo

90 2371 218 2441 instato
243 2379 315 2452 viae,
339 2387 373 2440 θῖ
396 2377 459 2440 hoc
482 2377 696 2439 declarabitur
720 2375 802 2438 infra
825 2377 912 2438 Dist.
936 2396 990 2459 41.

152 2589 374 2674 Quantum
398 2591 462 2656 ad
481 2590 659 2655 tertium
677 2589 927 2657 Articulum
945 2612 1035 2673 quae-

42 2772 47 2778 .
90 2692 142 2755 stio
161 2708 270 2778 potest
292 2719 361 2760 esse
384 2697 501 2759 deilla
524 2697 639 2778 triplici
663 2697 809 2759 bonitate
840 2707 872 2760 et
903 2697 1034 2759 malitia.

90 2796 125 2859 Si
142 2816 308 2883 queratur
330 2805 368 2867 de
390 2804 530 2866 bonitate
546 2805 657 2884 primo
682 2805 783 2877 modo,
811 2805 836 2866 si
861 2805 965 2866 malus
980 2825 1035 2866 an·

91 2907 169 2983 gelus
190 2912 310 2974 habere
334 2911 435 2992 possit
457 2912 580 2973 bonam
611 2911 799 2973 volitionem
831 2933 874 2973 ex
906 2931 1032 2992 genere,

90 3011 211 3088 planum
234 3028 283 3081 est
306 3019 396 3099 quod
419 3018 473 3092 sic,
497 3018 574 3099 quia
598 3017 696 3080 habet
721 3019 839 3080 multas
862 3018 1032 3080 volitiones

90 3124 277 3188 transeuntes
299 3146 409 3207 super.
427 3124 592 3205 objectum
624 3125 819 3187 conveniens
849 3125 904 3186 tali
935 3125 1031 3198 actui,

89 3236 155 3301 puta
175 3253 250 3294 cum
274 3240 365 3294 amat
387 3252 421 3293 se
443 3241 477 3294 et
500 3231 697 3312 hujusmodi.

145 3336 182 3400 Si
201 3351 311 3402 autem
333 3349 502 3421 quaeratur
523 3339 562 3400 de
584 3339 724 3401 bonitate
747 3339 868 3401 morali
881 3347 913 3401 et
938 3337 1028 3399 mali-

89 3437 125 3499 tia
143 3444 196 3508 sibi
220 3445 383 3529 opposita,
408 3467 470 3507 urm
493 3446 584 3507 ruodo
607 3445 724 3507 dicitur
753 3446 844 3527 quod
882 3465 947 3507 non
972 3464 1032 3525 po-

90 3551 140 3608 lest
160 3551 422 3616 habere'bonam
457 3553 656 3626 volitionem,
685 3562 756 3614 tum
787 3552 864 3634 quia
895 3571 1028 3614 omnem

88 3656 256 3725 volitionem
281 3658 443 3723 deformat
465 3681 508 3722 ex
524 3661 632 3740 aliqua
656 3661 897 3723 circumstantia
914 3658 1031 3742 inordi-
