2634 4267
284 259 346 336 338
533 256 607 317 Lus,
632 254 662 316 11
687 214 983 319 Sauraurmuun

260 462 337 525 libet
358 470 408 523 est
430 460 565 541 aequalis
600 460 775 522 nobilitatis
799 480 858 541 pro
882 480 922 522 eo
946 460 1035 540 quod
1068 436 1195 540 quaelibet

258 578 307 631 est
330 568 507 630 formaliter
531 565 666 631 infinita.

251 709 255 719 =
325 674 383 736 Ad
404 674 536 736 tertium
560 673 634 735 dico
658 673 748 754 quod
772 673 928 754 supponit
951 672 1077 746 falsum,
1099 672 1196 734 scilicet

260 781 351 864 quod
375 780 531 862 potentiae
556 780 675 842 animae
701 800 765 841 non
790 779 1035 861 distinguuntur
1065 780 1118 841 nisi
1138 780 1200 840 rela-

258 889 333 962 tive,
359 896 395 951 ut
419 896 509 969 patet
532 906 631 968 supra
653 886 742 949 Dr'st.
768 885 818 949 16.
843 908 873 948 a.
898 906 931 969 4.
955 898 988 949 et
1004 906 1038 969 5.

332 1100 559 1188 Quantum
595 1100 661 1166 ad
689 1100 931 1166 secundum
971 1099 1203 1165 Articulum

258 1218 307 1272 est
329 1208 441 1290 opinio
464 1207 606 1269 Thomae
624 1217 659 1287 p.
678 1226 707 1269 1.
724 1229 754 1288 q.
771 1205 825 1270 82.
854 1228 884 1268 a.
905 1224 940 1286 5.
965 1208 1021 1289 qui
1045 1207 1204 1287 dicitquod

258 1315 409 1396 quamvis
445 1314 597 1376 voluntas
620 1314 661 1376 sit
684 1313 821 1375 nobilior
856 1314 1020 1376 intellectu
1045 1314 1206 1376 secundum
1288 1364 1289 1399 3

258 1422 350 1503 quid,
367 1432 477 1484 tamen
495 1420 681 1502 simpliciter
705 1421 869 1501 loquendo
885 1420 1066 1483 intellectus
1086 1430 1131 1482 est
1143 1419 1207 1481 sim-

262 1529 386 1609 pliciter
410 1528 557 1591 nobilior.
583 1528 656 1589 Hoc
685 1526 841 1608 probatur
869 1527 977 1607 primo
1002 1528 1064 1589 sic:
1088 1527 1135 1588 illa
1154 1547 1207 1607 po

258 1637 363 1697 tentia
394 1644 443 1696 est
466 1634 615 1706 nobilior,
640 1634 733 1713 cujus
757 1632 923 1713 objectum
947 1644 996 1696 est
1030 1633 1208 1715 simplicius;

258 1741 315 1803 sed
340 1741 507 1822 objectum
532 1741 714 1803 intellectus
736 1749 784 1802 est
808 1740 983 1821 simplicius
1015 1741 1138 1822 objecto
1157 1760 1210 1800 vo

258 1848 411 1924 luntatis;
436 1870 527 1930 ergo.
553 1848 707 1910 Probatio
723 1848 861 1909 minoris
883 1849 960 1929 quia
987 1848 1148 1929 objectum
1168 1848 1211 1907 in-

257 1958 407 2022 tellectus
430 1964 479 2017 est
514 1975 629 2017 verum
662 1955 752 2035 quod
787 1954 889 2015 estin
915 1964 1034 2029 mente,
1059 1955 1209 2035 objectum

257 2076 369 2128 autem
393 2062 572 2124 voluntatis
597 2070 647 2122 est
672 2054 796 2123 bonum'
821 2061 909 2142 quod
933 2068 981 2123 est
1005 2061 1037 2122 in
1062 2063 1154 2124 rebus
1176 2081 1211 2123 ea·

257 2173 288 2237 6.
313 2168 489 2250 Metaplt.,·
525 2168 584 2229 sed
619 2168 711 2248 quod
746 2176 794 2229 est
825 2167 855 2227 in
892 2176 1001 2229 mente
1031 2178 1080 2230 est
1102 2167 1210 2249 simpli·

256 2281 327 2341 ¹cius
349 2297 389 2339 eo
413 2275 505 2357 quod
530 2284 577 2336 est
601 2275 700 2335 inre.
1127 2288 1129 2295 ¹

325 2386 407 2446 Item
432 2381 580 2463 arguitur
604 2380 647 2442 ab
665 2380 733 2441 aliis
757 2380 818 2441 sic:
844 2380 896 2441 illa
919 2382 1066 2461 potentia
1089 2381 1209 2463 quaesic

257 2513 291 2554 se
315 2489 413 2552 habet
437 2488 527 2569 quod
551 2485 650 2549 habet
674 2486 705 2547 in
729 2506 763 2547 se
786 2485 1028 2567 perlectionem,
1053 2498 1101 2550 est
1130 2486 1210 2550 nobi·
1287 2476 1288 2503 ³

258 2599 316 2659 lior
341 2616 441 2677 quam
466 2595 518 2656 illa
542 2614 617 2673 quae
641 2593 763 2673 quaerit
787 2592 1017 2673 perfectionem
1049 2596 1092 2657 ab
1114 2596 1209 2675 aliquo

257 2712 368 2779 extra3
387 2702 443 2763 sed
460 2701 642 2763 intellectus
659 2699 760 2761 habet
784 2697 1014 2779 perfectionem
1033 2702 1065 2763 in
1090 2723 1131 2776 se,
1147 2700 1211 2782 quia
1287 2730 1288 2759 r

257 2811 434 2891 intelligere
457 2817 506 2869 est
531 2817 640 2869 motus
674 2806 717 2867 rei
742 2806 783 2867 ad
807 2806 960 2880 animam,
996 2809 1147 2871 voluntas
1167 2826 1210 2869 au·

257 2929 324 2980 tem
341 2937 418 2988 non,
443 2914 519 2996 quia
536 2914 617 2975 velle
634 2922 683 2975 est
701 2923 809 2975 motus
833 2912 951 2974 animae
968 2914 1009 2974 ad
1031 2935 1118 2992 rem;
1134 2934 1208 2995 ergo.

324 3024 494 3094 Praeterea,
518 3020 639 3101 triplex
655 3029 704 3081 est
720 3019 894 3100 appetitus,
911 3020 1030 3089 scilicet
1048 3019 1209 3089 naturalis,

256 3130 433 3193 sensitivus
456 3137 488 3190 et
513 3126 751 3199 intellectivus;
791 3126 847 3187 sed
870 3127 1036 3208 appetitus
1071 3125 1210 3191 naturalis

256 3247 305 3299 est
329 3245 462 3318 propter
486 3244 648 3305 naturam,
675 3232 840 3313 appetitus
863 3241 973 3294 autem
990 3235 1158 3297 sensitivus
1171 3238 1210 3292 est

258 3352 390 3424 propter
414 3359 563 3415 sensum;
588 3361 668 3420 ergo
693 3338 859 3419 appetitus
886 3338 1111 3414 intellectivus‚
1144 3346 1210 3421 puta
1286 3350 1287 3367 *

257 3450 408 3511 voluntas
431 3457 479 3509 est
503 3456 636 3528 propter
661 3446 874 3508 intellectum.
892 3445 956 3509 Sed
969 3448 1060 3527 quod
1072 3457 1209 3528 estprop
1286 3450 1287 3453 ’

257 3565 305 3618 ter
329 3555 418 3616 allud
442 3562 490 3616 est
513 3554 689 3634 ignobilius
712 3573 765 3626 eo;
783 3573 872 3635 ergo,

325 3662 417 3732 Item,
442 3659 531 3739 quod
556 3667 604 3719 est
627 3659 784 3720 rationale
808 3680 865 3740 per
900 3659 1073 3722 essentiam
1097 3670 1142 3722 est
1162 3675 1208 3718 no
1286 3652 1287 3729 l
