2634 4267
314 257 504 319 D1sr1ncr.
529 257 575 321 111
600 254 747 337 Qumsr.
772 255 818 317 ΙΙΙ
991 267 1050 334 127

175 462 237 524 ΑΙ)
268 475 420 525 PRIMUM
448 474 664 524 PRINCIPALE
696 469 803 541 potest
825 458 936 541 negari
968 461 1077 523 minor

113 569 203 649 primi
227 568 425 650 syllogismi,
446 589 489 630 ex
512 568 618 649 prima
649 566 776 649 Quaest.
802 566 899 647 hujus
923 567 1073 630 Distinet.

113 712 154 720 --
174 675 283 737 Aliter
309 684 420 756 potest
435 675 496 737 dici
518 674 609 756 quod
625 675 733 737 minor
755 682 803 736 est
826 672 905 736 falsa
928 674 969 736 de
984 674 1075 755 quid·

113 782 208 844 ditate
232 782 449 864 potentionali
472 802 539 844 non
563 790 775 844 concurrente
806 781 906 843 altera
930 780 1075 843 differen-

112 888 153 949 tia
167 888 332 970 specifica,
348 889 498 969 quamvis
521 889 561 950 sit
576 909 652 950 vera
676 889 716 950 de
732 888 912 969 quidditate
935 909 1010 969 quae
1027 897 1075 950 est

107 1015 237 1086 ⁴necesse
260 1015 344 1069 esse,
368 1005 400 1056 et
423 995 477 1057 illo
502 995 602 1056 modo
625 995 810 1076 intelligunt
833 994 1028 1076 philosophi.

174 1102 232 1164 Ad
253 1103 433 1164 secundum
457 1102 530 1164 dico
546 1102 636 1182 quod
660 1101 838 1164 differentia
861 1100 1004 1163 formalis
1019 1122 1074 1182 po-

113 1215 170 1268 test
192 1209 299 1290 accipi
325 1209 375 1270 vel
399 1230 459 1289 pro
482 1207 661 1270 differentia
685 1207 835 1282 informa,
860 1209 910 1270 vel
934 1229 994 1289 pro
1017 1206 1074 1269 dif-

115 1311 243 1376 ferentia
267 1314 462 1377 formarum.
488 1314 521 1378 Si
538 1315 644 1395 primo
669 1315 779 1388 m0d0,
796 1315 903 1398 maycr
924 1324 972 1376 est
987 1334 1073 1389 vera,

113 1420 215 1482 minor
226 1420 319 1508 falsa3
333 1422 358 1483 si
370 1421 514 1483 secundo
527 1422 636 1495 mod0,
647 1421 756 1482 minor
767 1442 852 1494 vera,
867 1421 971 1502 major
984 1420 1072 1483 falsa.

113 1563 153 1571 —
163 1527 220 1589 Ad
223 1528 448 1608 probationem
458 1528 530 1589 dico
540 1528 630 1608 quod
639 1527 691 1588 illa
700 1528 900 1608 comparatio
911 1528 1001 1590 vadit
1013 1531 1073 1591 sub

114 1633 214 1712 primo
240 1635 344 1696 modo
368 1655 428 1715 pro
459 1634 637 1696 differentia
659 1633 807 1696 informa.
821 1635 880 1696 Ad
899 1636 1073 1697 secundam

110 1740 329 1817 probationem
362 1741 434 1802 dico
462 1741 551 1821 quod
582 1748 631 1802 est
654 1741 801 1821 fallacia
831 1742 1048 1822 consequentis
1057 1765 1072 1814 ,·

114 1845 177 1906 vult
192 1848 281 1909 enim
307 1847 524 1928 Philosophus
540 1848 630 1928 quod
654 1847 832 1909 differentia
848 1847 990 1909 formalis
1007 1868 1072 1910 non

113 1961 160 2012 est
182 1953 345 2034 specifica.
371 1954 436 2017 Sed
459 1975 502 2015 ex
527 1954 589 2015 hoc
613 1974 679 2015 non
703 1955 846 2035 sequitur
874 1955 964 2035 quod
988 1955 1074 2016 diffe-

115 2059 211 2120 rentia
235 2081 305 2122 non
329 2059 478 2141 specifica
501 2068 549 2122 est
573 2081 639 2122 non
664 2060 816 2122 formalis.

176 2168 234 2228 Ad
255 2168 390 2231 tertium
408 2167 594 2248 principale
616 2176 724 2249 potest
751 2169 857 2249 primo
881 2169 991 2250 negari
1016 2169 1073 2230 mi-

116 2291 178 2332 nor.
202 2273 313 2336 Aliter
344 2283 450 2355 potest
472 2274 535 2335 dici
566 2275 609 2336 ad
632 2276 788 2357 majorem
812 2275 901 2356 quod
933 2275 1002 2356 ipsa
1025 2285 1073 2337 est

114 2375 189 2440 salsa
211 2390 244 2442 et
268 2381 352 2463 petit
383 2381 588 2462 principium,
613 2381 672 2442 nisi
704 2402 760 2462 per
785 2381 951 2442 materiam
981 2383 1073 2444 intel-

116 2483 228 2564 ligatur
252 2488 373 2550 entitas
396 2487 610 2561 individualis,
634 2497 667 2550 et
690 2497 768 2550 tunc
799 2509 865 2550 non
888 2498 937 2550 est
960 2499 1074 2552 contra

116 2609 174 2652 me.

176 2700 233 2762 Ad
253 2701 411 2762 ultimum
428 2701 501 2762 dico
518 2702 608 2781 quod
625 2701 677 2763 illa
695 2722 761 2764 non
778 2710 825 2764 est
841 2703 949 2764 totalis
965 2723 1071 2776 causa,

113 2803 167 2864 sed
188 2807 346 2888 aliqualis.
373 2806 438 2870 Sed
461 2828 537 2868 cum
562 2808 697 2870 adducis
720 2809 911 2890 exemplum
943 2810 983 2871 de
1006 2830 1073 2871 cor-

116 2911 240 2988 poribus
276 2914 473 2987 coelestibus‚
497 2915 572 2976 dico
588 2916 678 2995 quod
702 2924 934 2997 argumentum
959 2936 1073 2978 secun-

116 3015 189 3079 dum
219 3021 396 3102 theologos
426 3030 509 3082 esset
540 3021 582 3082 ad
613 3023 828 3103 propositum,
861 3023 937 3103 quia
968 3031 1073 3084 stante

117 3119 165 3184 illo
186 3128 251 3190 sole
275 3136 310 3189 et
335 3127 396 3188 isto
421 3128 557 3197 mundo,
583 3129 673 3190 Deus
697 3137 805 3210 posset
836 3131 1015 3210 producere
1039 3152 1072 3191 a·

117 3227 188 3293 lium
211 3234 388 3306 mundum,
413 3241 449 3294 ut
480 3235 585 3314 patuit
607 3256 708 3316 supra
736 3235 840 3298 Artic.
864 3255 895 3319 4.
926 3237 961 3298 in
979 3237 1075 3317 priu-

113 3335 191 3416 cipz'o
211 3360 242 3403 2.
274 3339 397 3416 eraest.
