2634 4267
280 301 467 364 Drsrrrrcr.
492 300 556 362 VII
582 298 728 381 QoAEsr.
755 301 787 363 ΙΙ
972 313 1032 379 197

85 504 222 570 sormam
250 507 372 570 realem
394 515 427 569 et
449 506 687 588 permansivam
705 507 747 568 de
770 527 835 587 qua
852 505 1026 587 loquimur.

134 615 204 678 Ad
226 613 406 677 secundum
441 633 526 695 nego
550 612 728 693 majorem;
765 633 841 675 nam
866 612 898 674 in
922 611 1055 674 homine

87 730 123 782 est
143 721 264 784 forma
288 720 447 795 sensitiva,
471 728 504 782 et
526 729 638 782 tamen
662 740 728 782 non
751 728 800 782 est
816 720 848 782 in
864 718 991 802 angele.

144 934 213 996 An
231 946 465 996 ARGUMENTA
478 946 720 995 Pnnrcrrnnrn.
734 932 793 995 Ad
799 932 949 1014 primum
966 952 1052 1014 nego

91 1049 254 1103 auctorem
279 1040 320 1102 de
335 1039 448 1113 causis,
472 1039 528 1120 qui
544 1047 674 1101 secutus
697 1047 745 1101 est
761 1037 980 1112 Avicennam,
996 1038 1052 1120 qni

93 1147 193 1226 posuit
217 1145 465 1229 intelligentiam
481 1145 674 1207 dotatricem
691 1144 883 1220 formarum,
896 1166 971 1227 quae
985 1145 1052 1227 opi-

94 1253 138 1314 nio
162 1262 213 1316 est
236 1252 454 1315 communiter
477 1252 648 1334 reprobata
672 1260 704 1314 et
727 1252 1023 1314 excommunicata.

151 1360 212 1423 Ad
219 1360 395 1422 secundum
411 1359 484 1421 dico
500 1359 590 1440 quod
607 1351 741 1422 Bo'etius
757 1359 900 1440 loquitur
915 1360 956 1421 de
973 1358 1052 1420 ideis

95 1485 163 1546 quae
187 1475 263 1529 sunt
285 1468 318 1528 ln
342 1474 451 1528 mente
472 1466 591 1548 divina,
616 1486 682 1528 non
699 1465 731 1528 in
753 1466 901 1549 Angelis.

156 1572 213 1634 Ad
231 1573 363 1635 tertium
386 1573 465 1635 dico·
483 1573 572 1654 quod
596 1593 662 1635 non
686 1581 734 1635 est
757 1572 869 1647 simile,
894 1572 970 1654 quia
994 1591 1051 1654 per

97 1676 353 1760 imaginationem
376 1679 454 1741 nihil
472 1687 579 1761 potest
594 1679 755 1742 introduci
779 1679 811 1740 in
829 1700 973 1761 corpore,
991 1678 1050 1741 nisi
1104 1691 1114 1710 ·

99 1781 177 1846 lacta
197 1787 353 1849 consimili
387 1786 577 1849 alteratione
599 1786 631 1848 in
654 1807 695 1848 eo
718 1787 750 1848 in
774 1807 841 1868 quo
865 1794 913 1848 est
936 1786 1049 1869 imagi·

100 1890 211 1968 nativa;
234 1894 371 1975 angelus
385 1902 496 1956 autern
513 1913 579 1956 non
595 1892 694 1958 habet
711 1893 879 1956 materiam
897 1892 1049 1973 conjunc-

100 2003 171 2071 tam,
193 2019 265 2080 quae
282 2000 382 2082 possit
397 2000 556 2064 consimili
571 2000 761 2062 alteratione
781 1999 906 2062 alterari
930 1999 973 2061 ad
988 1998 1052 2062 for-

103 2121 181 2166 mam
203 2107 411 2169 materialem.
