2634 4267
544 452 696 509 Distinetlo
715 452 837 510 XXVII.

208 579 303 629 Quum.
318 578 339 621 1.
380 577 475 621 Utrum
489 577 574 642 gratie
589 576 623 619 eit
637 575 723 620 vlrtue
760 605 1084 618 ......
1140 573 1170 615 ὦ

527 701 680 758 Distlnotio
698 700 837 759 XXVIII.

208 827 303 877 Qunsr.
317 826 338 869 Ῑ.
379 826 474 869 Utrum
489 826 599 869 liberum
609 824 748 868 arbitrium
757 823 870 867 hominis
879 823 936 867 eine
946 823 1034 880 gratie
1043 822 1124 877 possit

368 916 452 958 vitare
466 927 541 959 omne
555 916 690 968 peooetum
704 914 809 957 mortale
824 937 1084 955 .....
1139 911 1181 953 361

547 1039 700 1095 Distlnotlo
717 1039 830 1093 XXIX.

209 1164 303 1213 Quaen.
319 1162 338 1207 1.
381 1164 475 1207 Utrum
489 1163 589 1217 primus
611 1163 687 1205 homo
710 1162 738 1205 in
758 1161 831 1205 stetu
853 1161 1009 1205 innoeentiae
1032 1159 1124 1204 habuit

369 1252 481 1308 gretiam
512 1281 1082 1295 ..........
1138 1250 1183 1292 365

559 1377 711 1433 Ilistlnetlo
729 1377 823 1432 XXX.

210 1518 305 1568 ansn.
319 1520 339 1561 I.
382 1519 477 1562 Utrum
491 1518 607 1573 qualibet
621 1519 697 1561 homo
707 1519 847 1561 seeundum
861 1530 1027 1561 communem
1041 1518 1124 1573 legem

369 1610 525 1663 propagatus
539 1608 571 1651 ab
585 1608 665 1651 Adam
676 1607 817 1650 contrahat
839 1609 974 1661 peceatum
997 1607 1124 1662 originale
1139 1608 1184 1650 370

212 1697 307 1747 Quem.
323 1697 356 1740 H.
385 1698 479 1740 Utrum
494 1697 594 1751 ailquid
609 1709 639 1740 ex
653 1697 777 1739 alimento
801 1698 918 1739 transeut
940 1696 969 1738 in
984 1697 1124 1739 verttetem

370 1787 489 1829 humanae
504 1788 604 1829 naturae
638 1813 1083 1829 ........
1139 1786 1184 1828 375

531 1909 684 1966 Illstlnotlo
707 1911 816 1966 XXXI.

211 2036 306 2086 Quner.
320 2036 333 2077 I
374 2036 469 2079 Utrum
484 2034 571 2078 anima
585 2034 724 2077 contrahat
733 2036 867 2087 peecatum
877 2033 1004 2089 originale
1017 2046 1034 2076 a
1048 2046 1126 2077 earne

370 2125 468 2168 iuleote
483 2126 508 2167 et
523 2123 759 2177 concupiscibiIIter
772 2122 897 2166 seminat·
953 2153 958 2163 .
1016 2153 1021 2163 .
1079 2152 1085 2165 .
1140 2123 1185 2166 392

549 2249 702 2304 Dlstlnotio
720 2247 837 2302 XXXII

213 2373 308 2423 Qumer.
323 2372 343 2415 I.
386 2372 480 2416 Utrum
495 2374 522 2416 in
537 2372 669 2425 Baptiemo
683 2371 834 2414 remittatur
848 2370 976 2426 originale
990 2342 1127 2424 peecatum
1139 2372 1185 2415 386

540 2499 692 2553 Distinetio
711 2496 851 2551 XXXIII.

212 2640 307 2690 Qumer.
322 2640 341 2682 1.
387 2640 478 2683 Utrum
492 2640 609 2694 parvulis
623 2652 682 2681 oum
696 2640 800 2692 peoouto
810 2637 932 2693 originali
944 2638 1127 2681 decedentibus

372 2729 494 2773 debeatur
509 2742 554 2783 pro
568 2730 672 2784 peooato
686 2728 807 2783 originali
821 2727 876 2770 solu
896 2726 1013 2770 oerentIe
1029 2726 1127 2770 divInae

372 2818 486 2870 visionis,
503 2820 543 2861 vel
557 2818 698 2871 puniantur
710 2829 784 2870 poenu
801 2828 889 2859 sensus
951 2847 956 2857 .
1014 2846 1020 2858 .
1077 2846 1083 2857 .
1139 2816 1183 2859 Μ

539 2942 690 2998 DistInetlo
708 2942 846 2998 XXXIV.

213 3066 307 3117 ansr.
322 3066 342 3111 1.
385 3066 480 3110 Utrum
494 3068 628 3119 peooutum
642 3065 678 3107 sit
691 3078 707 3107 a
721 3065 785 3107 bono
800 3067 830 3107 ut
843 3077 859 3107 u
873 3076 950 3107 eausa
1018 3095 1023 3108 .
1078 3095 1084 3107 .

550 3190 701 3246 Ilistlnotlo
720 3191 839 3247 XXXV.

214 3314 309 3365 Qunsu.
324 3314 344 3359 1.
387 3314 478 3357 Utrum
493 3316 627 3369 peceatum
642 3313 677 3355 sit
697 3326 741 3367 per
762 3326 789 3356 ee
809 3314 939 3367 eorruptIo
959 3314 1019 3357 boni
1033 3314 1062 3356 in
1075 3326 1127 3367 quo

374 3405 412 3449 est
455 3430 1084 3447 ...........
1140 3399 1180 3443 wi

544 3529 696 3585 Dlstlnetlo
715 3527 851 3585 XXXVI.

216 3649 310 3697 Quaen.
325 3650 345 3692 1.
387 3651 481 3713 Utrum
496 3650 579 3695 omnIs
593 3650 661 3693 notio
675 3650 775 3705 egentis
789 3649 870 3694 oreati
883 3647 959 3691 sitin
972 3649 1073 3703 ugente.
1139 3646 1182 3691 Μ
