2634 4267
263 268 329 330 226
532 266 605 329 Lm.
631 267 660 328 ΙΙ
687 265 982 330 Saurnurumun

316 472 540 558 Quantum
565 473 630 538 ad
641 471 847 556 primum
882 471 956 534 dico
991 493 1067 534 cum
1100 469 1185 554 Ma'gi-
1277 527 1278 530 ,

242 589 309 642 stro
331 580 422 661 quod
445 579 506 642 sic:
533 578 596 642 hoc
624 588 714 661 patet
749 600 806 661 per
841 577 966 642 Matth.
992 588 1046 642 10'.
1080 579 1185 660 Angeli
1275 647 1276 650 Ἴ

241 706 355 748 eorum
378 706 506 767 semper
529 686 642 748 vident
665 684 781 748 faciem
817 686 917 767 patris
953 685 1017 748 mei
1053 695 1109 748 etc.
1142 685 1186 746 ubi
1276 709 1277 748 1

241 793 319 854 dicit
331 793 572 872 Hieronymus:
588 813 709 876 magna
722 793 864 874 dignitas
876 793 1061 855 animarum
1074 801 1108 855 ut
1125 813 1179 854 una
1277 789 1278 792 ’

242 919 383 981 quaeque
406 899 514 961 anima
539 899 658 962 habeat
681 899 722 961 ab
751 908 824 963 ortu
861 899 1038 962 nativitatis
1071 919 1133 961 suae
1161 897 1187 958 in
1277 899 1278 902 ’

242 1005 424 1068 custodiam
448 1025 542 1067 suam
567 1005 762 1086 deputatum
787 1006 951 1087 angelum.
977 1005 1060 1086 Item
1084 1005 1116 1066 in
1140 1004 1189 1064 Ac-

243 1111 327 1174 tibus
350 1112 459 1194 Apost.
484 1112 602 1174 dicitur
625 1112 667 1173 de
690 1111 803 1173 Petro:
829 1110 961 1173 forsitan
997 1112 1127 1194 angelus
1152 1110 1190 1190 ip·
1278 1107 1280 1110 ’

242 1219 307 1281 sius
330 1227 387 1280 est.
412 1219 494 1280 Item
519 1219 554 1280 in
578 1218 669 1281 Psal.
685 1239 692 1279 ;
710 1219 832 1300 angelis
844 1219 909 1280 suis
923 1219 1090 1280 mandavit
1104 1218 1140 1279 de
1154 1225 1187 1278 te.

310 1325 375 1387 Sed
399 1325 451 1386 hic
486 1333 534 1387 est
560 1325 698 1387 dubium
722 1325 763 1387 de
795 1325 1002 1387 Antichristo
1026 1326 1051 1387 si
1075 1323 1189 1387 habebit

242 1433 397 1514 angelum
421 1433 593 1494 custodem
618 1431 677 1496 sui.
702 1431 747 1493 Et
771 1432 849 1494 dicit
873 1430 1040 1494 Aureolus
1063 1441 1094 1494 et
1121 1431 1190 1493 bene

244 1539 333 1620 quod
357 1537 583 1601 Antichristus
606 1539 657 1601 vel
681 1538 740 1600 erit
769 1538 951 1601 obstinatus
986 1539 1018 1600 in
1055 1538 1145 1612 malo,
1166 1545 1191 1598 et

243 1646 287 1707 sic
312 1665 376 1706 non
401 1644 551 1719 habebit;
576 1645 626 1706 vel
651 1665 717 1707 non
741 1645 802 1707 erit
825 1645 1016 1719 obstinatus,
1034 1645 1079 1707 sic
1091 1665 1151 1707 non
1166 1664 1191 1704 e·

242 1752 283 1813 rit
306 1751 535 1813 inconveniens
558 1752 667 1832 ipsum
693 1751 811 1814 habere
840 1751 1005 1833 angelum.

310 1858 392 1919 Item
417 1866 465 1920 est
488 1867 520 1920 et
543 1859 631 1920 aliud
663 1858 810 1924 dubium.
843 1858 919 1938 quia
956 1858 1024 1920 duo
1060 1857 1191 1920 homines

242 1964 394 2026 custoditi
418 1974 555 2046 possunt
579 1965 621 2026 ad
645 1964 784 2026 invicem
809 1964 1030 2026 contradicere
1054 1986 1096 2026 ex
1117 1965 1191 2026 bono
1276 2009 1279 2030 1

243 2071 367 2132 motivo
390 2071 431 2133 de
454 2071 563 2152 aliquo
587 2071 676 2132 bono
700 2091 807 2152 opere,
832 2080 864 2132 et
888 2070 932 2132 sic
965 2072 1094 2133 videtur
1116 2069 1190 2152 quod
1273 2081 1275 2106 ³

242 2177 323 2238 inter
347 2177 480 2258 angelos
504 2178 543 2239 sit
568 2177 788 2240 controversia
812 2185 845 2239 et
868 2198 991 2259 pugna.
1024 2178 1082 2240 Ad
1115 2175 1189 2258 quod

243 2284 316 2345 dico
340 2284 520 2346 secundum
545 2285 634 2346 viam
659 2293 846 2346 sanctorum
870 2284 961 2365 quod
998 2285 1121 2346 nullum
1151 2283 1189 2343 in·
1273 2295 1277 2354 J

243 2390 438 2452 conveniens
461 2401 508 2452 est
532 2391 613 2452 inter
639 2391 773 2472 angelos
797 2411 865 2452 esse
889 2391 1081 2472 opinionum
1104 2391 1189 2452 diver·
1272 2409 1273 2412 ¹

243 2497 380 2570 sitatem‚
405 2506 566 2578 quantum
591 2498 634 2558 ad
657 2518 696 2559 ea
719 2518 794 2579 quae
819 2506 894 2559 sunt
917 2497 960 2559 ad
983 2496 1082 2560 finem
1112 2498 1188 2558 dum·

244 2604 344 2664 modo
369 2613 499 2664 maneat
523 2603 674 2666 identitas
701 2602 783 2665 finis.

312 2711 393 2770 Item
418 2710 557 2772 dubium
582 2718 630 2771 est
653 2710 678 2771 si
703 2710 934 2772 contristantur
969 2710 1010 2772 de
1045 2708 1187 2773 custodito
1275 2699 1278 2768 ᾗ

243 2816 380 2897 perdito,
407 2817 491 2879 Dico
515 2818 606 2898 qnod
630 2837 697 2878 non
711 2817 835 2879 habent
858 2817 1022 2879 tristitiam
1048 2813 1187 2900 prouttri·
1276 2829 1277 2850 l

243 2923 328 2984 stitia
352 2921 450 2984 habet
475 2924 659 3004 passionem
673 2932 705 2985 et
729 2924 948 2999 afflictionem,
973 2925 1030 2986 sed
1054 2919 1188 3007 proutdi-

244 3030 286 3090 cit
310 3030 511 3092 nolitionem.

318 3241 542 3327 Quantum
567 3245 633 3309 nd
668 3246 916 3309 seeundum.
956 3242 1186 3311 Articulum

245 3358 293 3411 est
316 3349 427 3430 opinio
451 3349 633 3412 Avicennae
657 3350 687 3414 6.
714 3352 919 3414 iecturalium
938 3361 1028 3433 part.
1048 3371 1082 3436 5.
1114 3372 1136 3411 c.
1162 3344 1185 3407 ό.

244 3456 301 3536 qui
325 3455 403 3517 dicit
426 3457 516 3538 quod
540 3457 649 3519 anima
672 3458 752 3519 dum
776 3466 850 3519 actu
864 3458 1013 3541 intelligit
1025 3459 1119 3522 habet
1129 3473 1186 3536 spe·

245 3562 308 3623 cies
331 3563 372 3623 ab
396 3562 618 3644 intelligentia,
643 3573 675 3626 et
699 3564 770 3626 haec
794 3565 916 3646 species
940 3586 1006 3628 non
1020 3565 1114 3628 habet
1131 3579 1186 3623 esse

246 3669 430 3728 mansivum
455 3667 487 3729 in
512 3669 620 3730 anima
637 3680 711 3751 post
723 3672 883 3734 actualem
903 3673 1185 3736 considerationem.
