2634 4267
294 256 480 317 Drsnncr.
504 253 621 315 XXIV
645 252 792 334 Qunsr.
816 254 846 315 ΙΙ
983 270 1041 331 341

96 464 253 537 tellectu3
271 460 328 523 sed
345 461 435 523 Deus
457 460 490 522 in
506 480 540 521 se
563 449 662 521 habet
686 458 863 541 simplicius
885 478 1069 548 essequam

98 577 202 651 prout
228 567 327 631 habet
349 587 418 629 esse
441 576 607 647 receptum
624 566 655 627 in
673 565 845 640 intellectu,
860 564 936 647 quia
954 572 1004 627 est
1025 563 1068 626 ibi

97 674 300 758 aggregatio
324 674 367 735 rei
390 682 423 735 et
447 674 623 735 multarum
647 672 840 734 relationum
864 670 1004 735 rationis.
1025 706 1069 718 -

99 782 212 845 Aliter
236 788 344 862 potest
368 780 429 842 dici
455 780 546 861 quod
568 780 675 863 masur
696 787 744 840 est
767 778 846 840 salsa
869 786 1001 860 propter
1024 778 1069 839 in·

98 888 261 952 stantiam
294 886 569 949 Commentatoris
598 887 637 949 de
667 906 761 948 sensu
783 895 815 947 et
833 894 968 959 sensate,
991 884 1068 966 quia
1140 888 1142 892 ’

99 994 264 1058 memoria
289 993 388 1055 habet
422 993 588 1074 objectum
622 992 799 1073 simplicius
833 1012 932 1072 quam
956 990 1068 1073 imagi-

97 1102 216 1165 nativa
250 1110 283 1163 et
305 1110 417 1162 tamen
443 1121 508 1164 non
531 1109 581 1162 est
603 1100 741 1162 nobilior
775 1099 956 1161 secundum
980 1119 1066 1160 eum.

98 1246 147 1256 -
171 1207 281 1270 Aliter
304 1216 412 1287 potest
442 1206 503 1268 dici
529 1205 618 1287 quod
641 1207 748 1289 major
777 1214 826 1268 est
849 1226 924 1267 vera
947 1204 988 1267 de
1011 1226 1068 1285 po-

99 1314 206 1377 tentia
228 1313 374 1394 ejusdem
399 1313 524 1395 generis
547 1314 604 1374 sed
619 1312 796 1395 appetitiva
819 1320 852 1373 et
875 1311 1067 1373 intellectiva

98 1442 170 1484 non
195 1421 240 1483 sic
263 1440 298 1482 se
321 1419 451 1481 habent.

171 1528 230 1589 Ad
250 1527 355 1601 aliud,
380 1547 493 1607 quaero
515 1526 595 1607 quid
617 1535 653 1588 tu
677 1525 826 1607 intelligis
861 1546 917 1607 per
949 1523 1062 1606 persec-

100 1635 238 1707 tionem,
251 1634 328 1715 quia
351 1642 409 1695 aut
428 1633 603 1714 objectum,
617 1641 674 1695 aut
690 1642 809 1694 actum.
832 1632 865 1696 Si
889 1631 1064 1712 objectum,

100 1752 183 1804 tunc
207 1740 285 1802 nihil
309 1740 352 1801 ad
385 1740 589 1821 propositum
614 1740 690 1821 quia
722 1740 888 1820 utriusque
911 1738 1066 1820 potentiae

102 1848 272 1928 objectum
289 1856 337 1908 est
360 1857 462 1908 extra.
481 1846 515 1910 Si
531 1856 641 1909 autem
657 1846 817 1927 intelligas
832 1854 953 1919 actum,
967 1845 1065 1907 etiam

101 1975 170 2017 non
194 1954 290 2026 valet,
316 1954 393 2034 quia
426 1962 518 2016 actus
541 1954 709 2035 utriusque
732 1953 887 2034 potentiae
911 1960 959 2014 est
982 1952 1066 2014 intra

101 2081 249 2123 manens.

170 2169 230 2230 Ad
250 2166 381 2229 tertium
404 2167 478 2229 dico
502 2168 591 2249 quod
615 2189 681 2230 non
705 2177 754 2230 est
777 2168 879 2230 simile
902 2167 943 2229 de
969 2186 1066 2248 appe·
1177 2190 1179 2194 ’

101 2276 164 2342 titu
189 2274 342 2337 sensitivo
365 2276 397 2336 et
420 2274 624 2348 intellectiv0‚
649 2275 732 2337 sicut
755 2283 844 2355 patet
867 2295 924 2355 per
945 2274 1066 2335 Dama·

102 2402 239 2445 scenum
263 2381 334 2443 Lib.
357 2399 388 2443 2.
413 2381 500 2442 Nam
524 2382 687 2463 appetitus
713 2382 926 2444 intellectivus
949 2381 1065 2461 agitet
1174 2408 1175 2411 ¹

102 2508 169 2550 non
193 2487 312 2569 agitur,
336 2487 505 2549 sensitivus
528 2508 605 2550 vero
628 2488 735 2569 agitur
758 2498 791 2550 et
815 2509 879 2550 non
903 2488 980 2569 agit.

168 2593 229 2656 Ad
248 2593 347 2656 aliud
367 2593 440 2655 dico
463 2596 553 2675 quod
576 2615 633 2676 per
656 2595 817 2657 rationale
835 2585 892 2657 aut
915 2592 1065 2675 intelligis

100 2711 215 2763 actum
250 2701 435 2775 voluntatis,
471 2710 528 2763 aut
562 2702 752 2783 potentiam.
778 2701 812 2765 Si
829 2702 939 2782 primo
974 2701 1064 2763 modo

99 2808 250 2870 concedo
273 2808 362 2890 quod
389 2817 481 2870 actus
508 2809 684 2871 voluntatis
719 2830 784 2871 non
819 2818 867 2871 est
900 2808 1064 2871 rationalis

101 2936 158 2996 per
182 2914 366 2979 essentiam.
391 2914 425 2978 Si
448 2916 583 2977 secundo
606 2918 697 2979 modo
720 2924 798 2978 tunc
829 2915 1008 2979 intellectus
1031 2924 1065 2977 et

97 3032 133 3084 et
155 3022 309 3083 voluntas
343 3020 520 3084 fundantur
555 3022 587 3084 in
622 3024 736 3085 eadem
771 3023 908 3085 essentia
942 3022 1061 3085 animae

101 3128 267 3190 rationalis
290 3149 364 3209 quae
388 3138 436 3190 est
459 3128 621 3191 rationalis
642 3151 702 3211 per
725 3130 905 3193 essentiam.

168 3234 228 3295 Ad
247 3233 346 3295 aliud
358 3243 448 3315 patet
464 3235 577 3297 melius
593 3236 664 3308 Lib,
679 3254 708 3297 Ι.
725 3236 800 3298 dist.
814 3254 847 3315 3.
866 3236 920 3298 ubi
937 3235 1061 3297 dictum

99 3350 150 3404 est
174 3341 266 3422 quod
288 3324 345 3402 ens
367 3350 416 3402 est
439 3340 604 3421 objectum
628 3342 812 3405 voluntatis.

169 3447 231 3509 Ad
241 3446 341 3508 aliud
353 3447 426 3509 dico
442 3449 531 3528 quod
547 3456 595 3509 est
611 3449 653 3509 ad
670 3450 858 3530 oppositum
879 3448 955 3530 quia
971 3457 1062 3512 actus

101 3553 280 3617 voluntatis
303 3563 352 3615 est
375 3554 483 3634 purior
506 3563 538 3616 et
561 3553 741 3635 perfectior,
770 3556 845 3637 quia
878 3555 991 3617 melius
1014 3564 1064 3617 est

99 3681 213 3723 amare
237 3661 359 3733 Deum,
383 3680 483 3740 quam
507 3660 683 3741 intelligere
706 3672 738 3724 et
762 3682 827 3724 non
852 3660 993 3743 diligere.
