2634 4267
312 263 374 339 164
557 260 631 323 Lrn.
655 261 686 322 II
710 259 1004 324 Snnrnnmnun

284 477 377 532 sante
400 487 466 530 non
489 467 633 548 sequitur
656 466 839 529 intellectio.
865 466 910 528 Et
938 486 1015 528 cum
1044 465 1114 527 dicis
1140 464 1213 545 quod

284 573 539 636 immaterialitas
561 581 610 636 est
632 569 730 636 causa
753 572 986 648 intellectionis,
1011 571 1150 644 concedo,
1170 570 1214 630 sed

286 701 351 744 non
376 680 493 754 totalis,
518 688 676 760 utsupra
699 679 815 761 patuit.

352 787 411 849 Ad
418 787 593 849 secundum
605 786 712 848 visum
724 795 773 848 est
786 786 817 848 in
832 786 1024 868 Quaestione
1036 786 1093 847 illa:
1105 785 1152 845 An
1164 783 1216 843 Au·

281 895 378 977 gelus
399 903 570 976 cognoscat
589 913 622 955 se
638 903 816 974 persuum
839 893 1011 956 essentiam
1022 914 1029 970 ;
1053 910 1152 973 quaere
1175 888 1217 950 ibi·

286 1001 373 1062 dem.

353 1107 412 1168 Ad
424 1106 555 1168 tertimn
572 1106 645 1168 dico
662 1106 752 1186 quod
768 1106 949 1168 intellectus
965 1125 1150 1168 concurrens
1160 1121 1218 1164 cun

286 1197 399 1296 specie
415 1222 463 1275 est
486 1212 693 1295 principalior
717 1233 815 1274 causa
829 1233 930 1293 quarn
955 1213 1024 1294 ipsa
1041 1211 1161 1293 species
1176 1228 1220 1269 nec

287 1320 357 1402 ipsa
380 1320 501 1401 species
523 1328 573 1381 est
594 1327 665 1381 tota
688 1340 786 1381 causa
801 1318 945 1381 formalis
968 1317 1179 1382 intellectionis
1195 1323 1221 1374 ut

286 1435 519 1508 argumentum
544 1427 709 1507 supponit.

355 1639 416 1701 An
440 1651 584 1702 Purnun
608 1652 871 1701 Anoununrun
894 1639 927 1701 in
943 1641 1147 1714 eontrarium,
1168 1638 1222 1700 dico

287 1747 378 1828 quod
402 1765 467 1808 non
491 1754 540 1806 est
562 1744 675 1819 simile,
700 1746 776 1826 quia
807 1746 908 1807 virtus
939 1747 1040 1808 visiva
1071 1757 1118 1808 est
1144 1746 1223 1807 virtus

288 1853 443 1934 organica
465 1872 540 1933 quae
557 1861 605 1913 est
629 1853 733 1934 magis
751 1853 921 1915 materialis
944 1874 1044 1936 quam
1061 1855 1221 1920 intellectus,

289 1959 362 2022 ideo
385 1959 616 2041 consequentia
639 1979 705 2020 non
729 1968 826 2021 tenet.

356 2066 415 2128 Ad
433 2065 532 2127 aliud
552 2065 584 2126 in
612 2066 811 2128 contrarium
843 2077 891 2129 est
914 2067 1058 2128 solutum
1090 2067 1120 2129 in
1150 2066 1223 2148 Qun·

289 2173 394 2235 stione
417 2172 487 2235 illa:
512 2171 571 2233 An
595 2172 747 2253 Angelus
771 2173 929 2254 intelligat
951 2194 986 2235 se
1009 2194 1067 2255 per
1091 2193 1132 2236 se.

625 2403 803 2485 QUAEsrro
827 2405 916 2467 VIII.

357 2565 534 2645 Postquam
559 2565 666 2626 vesum
697 2573 744 2626 est
765 2566 804 2627 de
834 2565 1025 2647 angelorum
1056 2566 1219 2649 cognitioni,

291 2679 392 2732 restat
413 2670 522 2732 videre
544 2671 584 2732 de
605 2691 714 2732 eorum
738 2671 914 2734 dilectione.
940 2673 988 2734 Et
1016 2693 1124 2754 qucero
1152 2672 1221 2735 illam

291 2777 497 2858 quoestionem
520 2777 590 2838 sine
613 2778 839 2859 argumentis:

344 2954 451 3008 Utrum
469 2953 595 3020 Angelus
614 2954 701 3022 possit
728 2955 904 3010 naturallter
930 2956 1049 3023 diligero
1071 2956 1159 3012 Deum
1182 2953 1222 3022 plu·

290 3057 392 3110 squam
409 3041 541 3109 selpsum.

361 3241 581 3303 RESPON810:
607 3240 659 3301 hie
683 3249 757 3302 sunt
788 3242 863 3303 duae
895 3242 1062 3323 opiniones
1086 3252 1221 3306 extreme·

299 3341 385 3413 Una
409 3347 486 3408 dicit
509 3347 598 3427 quod
616 3367 691 3420 non,
716 3347 808 3428 cujus
825 3349 963 3411 rationes
979 3358 1055 3412 sunt
1078 3350 1154 3412 istae.
1169 3346 1219 3410 On·

294 3453 342 3514 nis
366 3453 508 3514 amicitia
531 3474 605 3534 quae
629 3455 735 3515 estad
758 3456 896 3518 alterum
912 3465 960 3518 est
982 3476 1027 3517 ex
1050 3445 1220 3518 amicitiani

294 3560 336 3620 ad
361 3580 410 3634 se;
436 3580 492 3641 per
516 3560 610 3620 istam
627 3559 713 3622 enim
739 3562 963 3642 probationem
988 3563 1106 3643 probat
1129 3561 1222 3624 Aristo·

293 3665 372 3725 teles
395 3664 427 3727 8.
454 3664 563 3726 Etlzr'c.
588 3666 678 3745 quod
709 3667 849 3730 amicitia
884 3669 1127 3751 paternalis-est
1147 3667 1221 3750 priua

294 3769 435 3830 amicitia
459 3769 490 3830 in
515 3777 643 3844 natura;
669 3791 747 3851 ergo
771 3794 862 3836 amor
894 3797 960 3857 quo
991 3777 1128 3858 angelus
1147 3766 1221 3850 diligit
1271 3819 1272 3822 η
