2634 4267
338 270 524 336 Drsrnrcn.
549 272 579 334 ΙΙ
605 268 750 351 QUAEsr.
776 271 821 332 ΙΙΙ
1008 287 1051 351 79

111 488 214 561 potest
237 478 345 541 iacere
362 498 466 540 unum
482 478 550 539 sine
566 476 649 553 alio;
673 498 753 559 ergo
776 477 801 538 si
834 486 943 539 motus
966 478 1071 541 differt

114 586 231 647 realiter
255 606 276 647 a
300 584 416 658 forma,
441 592 520 645 tunc
544 584 634 645 Deus
666 591 775 664 posset
806 582 910 646 facere
945 593 1071 646 motum

111 692 175 753 sine
197 691 316 767 forma,
343 691 433 772 quod
455 699 503 753 est
519 690 759 752 inconveniens.
784 726 828 735 —-
844 691 936 763 Item,
965 691 990 752 si
1007 712 1075 753 mo-

111 807 160 860 tus
181 798 290 861 differt
315 798 440 860 realiter
463 819 482 859 a
506 797 622 871 forma,
646 805 724 858 tunc
749 806 858 859 motus
881 807 988 879 potest
1004 819 1072 860 esse

111 906 292 987 completus
316 914 493 985 antequam
518 904 737 985 acquireretur
757 903 871 966 forma.

173 1012 279 1074 Istam
303 1010 485 1092 opinionem
510 1031 575 1072 non
596 1019 701 1072 teneo.
718 1009 844 1089 Primo,
872 1011 948 1092 quia
968 1032 1073 1092 quan·

111 1117 153 1179 do
175 1119 283 1200 aliqua
308 1118 354 1180 sic
389 1138 422 1179 se
457 1116 579 1179 habent
612 1117 703 1198 quod
740 1137 843 1178 unum
867 1126 975 1199 potest
1006 1138 1071 1179 ma-

112 1244 183 1286 nere
205 1226 309 1287 altero
334 1245 400 1286 non
425 1233 586 1297 manente,
612 1244 677 1285 non
702 1232 778 1285 sunt
808 1223 905 1297 idem,
930 1233 966 1286 ut
998 1246 1072 1306 pro-

112 1330 221 1393 batum
246 1341 297 1394 est
309 1352 409 1413 supra
436 1330 555 1406 Quoest.
581 1332 619 1393 de
635 1330 790 1392 relatione
804 1351 811 1405 ;
828 1331 884 1392 sed
901 1330 1005 1393 forma
1020 1332 1064 1393 in·

111 1439 258 1500 troducta
276 1446 398 1512 manet,
417 1446 526 1499 motus
542 1458 607 1499 non
625 1446 745 1511 manet,
762 1458 818 1518 per
835 1436 1071 1519 Philosophum

113 1562 141 1605 J.
163 1546 200 1607 de
226 1554 376 1627 generat.
407 1544 462 1606 ubi
494 1544 579 1617 dicit,
613 1543 777 1605 habitibus
798 1544 1013 1624 praesentibus
1036 1545 1068 1606 in

115 1652 241 1713 materia
265 1660 372 1714 cessat
395 1651 501 1713 omnis
525 1659 651 1725 motus;
676 1671 764 1731 ergo.
789 1686 833 1697 -
850 1650 995 1713 Secundo
1011 1652 1069 1713 sic:

112 1758 222 1819 entitas
245 1758 428 1820 successiva
451 1778 518 1818 non
541 1766 590 1819 est
612 1756 727 1818 eadem
751 1778 827 1818 curn
844 1757 978 1820 entitate
1001 1779 1069 1839 per·

115 1873 280 1940 manente;
306 1865 363 1926 sed
387 1864 503 1925 entitas
527 1872 636 1925 motus
659 1871 707 1925 est
736 1864 923 1938 successiva,
955 1865 1071 1926 entitas

112 1967 220 2032 iormae
245 1991 457 2053 permanens;
482 1991 570 2051 ergo
595 2006 637 2015 -
668 1970 772 2032 Tertio
795 1971 857 2031 sic:
887 1971 964 2052 qnia
992 1971 1072 2033 Avi-

113 2095 210 2138 cenna
228 2096 263 2157 j.
281 2076 384 2156 Phys.
402 2077 479 2138 dicit
502 2077 592 2158 quod
609 2077 676 2157 ipse
692 2076 844 2139 abhorret
860 2077 966 2139 dicere
981 2079 1070 2158 quod

115 2191 216 2245 motus
239 2193 289 2246 est
315 2184 401 2245 idem
426 2185 516 2264 quod
532 2182 647 2244 forma.

175 2290 286 2353 Teneo
311 2312 390 2371 ergo
414 2291 504 2371 quod
528 2298 637 2351 motus
661 2298 709 2351 est
731 2290 784 2351 via
807 2291 849 2351 ad
873 2289 1013 2352 formam
1037 2312 1071 2352 a·

114 2396 280 2475 cquisitam
306 2417 363 2477 per
388 2404 525 2459 motum.

175 2504 232 2565 Ad
246 2504 398 2584 primum
421 2513 651 2585 argumentum
676 2503 805 2565 alterius
820 2504 980 2585 opinionis
997 2504 1070 2565 dico

115 2609 198 2687 quod
222 2610 472 2672 Commentator
495 2610 573 2671 dicit
596 2610 675 2672 illud
699 2610 861 2672 recitative
885 2631 950 2672 non
973 2631 1071 2672 asser-

116 2713 183 2788 tive,
206 2716 283 2797 quia
309 2716 340 2778 in
360 2735 394 2798 j.
418 2715 520 2796 Pleys.
538 2716 606 2797 ipse
629 2737 663 2777 se
679 2717 819 2797 corrigit.
832 2752 876 2763 —
893 2718 952 2779 Ad
963 2738 1072 2779 secun-

114 2819 187 2881 dnm
211 2823 357 2884 concedo
381 2823 470 2903 quod
495 2831 604 2884 motus
627 2823 659 2883 in
684 2844 717 2885 se
740 2831 788 2884 est
804 2823 972 2904 acquisitio
1000 2845 1070 2904 par-

116 2925 152 2987 tis
173 2937 245 3007 post
268 2937 406 3010 partem,
432 2929 488 2990 sed
512 2949 578 2990 non
602 2937 650 2990 est
673 2928 778 2991 forma
801 2950 875 3010 quae
892 2930 1070 3010 acquiritur

117 3034 225 3096 totalis.
249 3072 296 3081 -
318 3035 376 3096 Ad
397 3036 527 3098 tertium
547 3036 620 3097 dico
636 3037 726 3116 quod
750 3036 774 3097 si
791 3036 946 3117 accipitur
963 3036 1070 3097 simul-

117 3140 213 3201 tasin
236 3142 351 3204 ordine
374 3143 415 3203 ad
439 3152 546 3223 partes
570 3142 652 3204 sicut
675 3143 834 3204 successio
850 3142 882 3203 in
899 3143 1011 3204 ordine
1026 3144 1069 3204 ad

118 3242 259 3321 formam,
285 3249 394 3311 minor
403 3257 452 3311 est
464 3248 552 3311 salsa.
566 3285 609 3295 —
632 3250 691 3311 Ad
707 3260 861 3329 quartum
886 3271 952 3310 uno
969 3251 1069 3312 modo

119 3362 245 3433 negetur
258 3357 366 3438 major
379 3377 398 3417 a
409 3356 605 3437 quibusdam
621 3356 677 3436 qui
694 3356 806 3417 dicunt
829 3356 918 3437 quod
942 3376 1010 3417 esse
1037 3364 1069 3417 et

118 3461 246 3523 essentia
269 3462 420 3525 differunt
444 3462 577 3535 realiter,
590 3470 622 3523 et
635 3470 745 3524 tamen
759 3463 848 3524 Deus
872 3483 938 3524 non
962 3471 1069 3543 potest

120 3559 215 3629 lacere
236 3570 408 3631 essentiam
432 3568 500 3630 sine
523 3589 600 3642 esse,
625 3569 741 3631 eodem
759 3569 859 3630 modo
876 3589 934 3630 nec
950 3589 1069 3650 corpus

121 3668 182 3733 sine
202 3672 313 3756 figura,
338 3676 416 3759 quia
439 3684 518 3737 tunc
541 3674 631 3738 fieret
654 3674 816 3738 infinitum
841 3675 873 3737 in
896 3683 981 3737 actu.
999 3675 1070 3737 Ali·
