2634 4267
220 232 282 293 104
438 214 513 277 Lm.
538 215 567 278 ΙΙ
592 214 886 279 Saarnnrmnun

191 419 395 482 modabiliter
426 421 476 482 vel
501 419 677 483 formaliter
708 420 866 482 distinctis
890 430 926 483 ut
956 420 1154 484 dictumest

191 527 227 589 in
246 545 280 605 5.
306 526 379 589 Art.
405 526 465 588 Est
488 527 586 589 etiam
610 528 654 589 ibi
678 527 873 608 compositio
891 548 939 589 ex
964 527 1099 590 materia
1122 538 1154 591 et

190 631 304 696 forma.
328 669 373 681 —
396 633 454 696 Ad
478 633 714 716 Philosophum
738 634 811 696 dico
834 634 925 715 quod
949 634 1092 715 loquitur
1114 635 1154 696 de

192 739 326 802 materia
356 739 533 821 corporali;
566 740 698 802 ulterius
729 749 777 802 est
810 740 854 802 ibi
885 741 1082 822 compositio
1113 762 1155 802 ex

92 864 100 878 ·
191 867 309 928 genere
331 855 364 908 et
386 846 573 909 differentia.
600 884 644 893 --
668 846 727 909 Ad
751 846 959 909 Avicennam
984 856 1076 929 patet
1099 868 1154 929 per

192 953 272 1014 illud
296 953 386 1034 quod
409 953 533 1015 dictum
557 962 605 1015 est
630 953 667 1016 in
689 972 720 1016 2.
746 953 819 1018 Art.

534 1166 711 1248 Qunsmo
735 1167 775 1232 ΙΙ.

259 1326 339 1389 Post
367 1325 568 1408 Angelorum
603 1326 859 1408 compositionem
897 1336 1018 1407 oportet
1047 1326 1157 1388 vi'dere

192 1432 396 1515 Angelorum
421 1432 624 1513 personalem
656 1432 906 1505 distinctionem,
933 1433 992 1494 sed
1021 1431 1080 1495 ltoc
1103 1453 1155 1495 no·

192 1540 241 1602 bis
264 1539 433 1601 innotescit
448 1550 510 1620 per
524 1539 683 1602 rationem
708 1539 962 1602 individualem.
989 1540 1038 1601 Et
1046 1540 1155 1620 primo

192 1655 311 1727 oportet
331 1644 389 1706 ltoc
412 1645 612 1728 inuestigare
635 1645 671 1708 in
694 1645 887 1708 substantiis
919 1645 1154 1708 materialibus.

195 1753 244 1814 Et
265 1773 394 1834 quero:

141 1888 144 1895 ’
245 1909 353 1965 Utrum
369 1870 532 1965 substantia
558 1909 717 1965 materians
735 1909 772 1964 alt
796 1909 941 1964 individua
959 1867 1010 1977 per
1028 1909 1158 1978 aliquam

191 1998 343 2053 entitatem
369 1999 515 2066 propriam
532 1998 770 2054 determinantem
797 2000 934 2054 naturam
952 1999 989 2053 ad
1006 1997 1158 2065 singulari·

196 2090 297 2142 tatem.

264 2233 309 2295 Et
331 2233 458 2295 videtur
482 2234 573 2315 quod
597 2253 673 2306 non,
698 2233 775 2313 quia
797 2241 876 2294 tunc
907 2231 986 2294 illud
1010 2232 1157 2294 determi-

195 2340 344 2403 nativum
369 2340 488 2402 diceret
511 2361 610 2422 supra
634 2347 784 2402 naturam
815 2339 1064 2401 determinatam
1090 2360 1158 2401 ma·

197 2447 324 2519 teriam,
348 2446 398 2508 vei
422 2445 572 2519 formam,
604 2446 654 2508 vel
679 2445 908 2527 compositum.
942 2444 1007 2509 Sed
1031 2445 1157 2508 nullum

196 2554 331 2615 istorum
362 2553 449 2625 dicit,
473 2553 549 2634 quia
580 2553 630 2614 vel
654 2561 760 2614 essent
789 2551 896 2634 plures
928 2552 1082 2627 materiae,
1107 2552 1156 2614 vel

196 2658 321 2733 formae,
346 2660 396 2721 vel
419 2659 618 2740 composita;
643 2679 733 2740 ergo.

265 2783 293 2827 2.
326 2766 493 2839 Praeterea,
526 2775 604 2827 tunc
632 2765 794 2847 singulare
822 2745 907 2826 esset
937 2765 1157 2846 compositum

196 2893 239 2934 ex
263 2881 379 2934 natura
402 2872 616 2934 determinata
638 2881 671 2934 et
693 2872 938 2946 determinante,
963 2881 995 2934 et
1018 2881 1098 2935 tunc
1114 2893 1160 2935 se·

197 2988 372 3060 querentur
402 2979 462 3040 tria
485 2978 752 3058 inconvenientia.
784 2979 948 3051 Primum,
977 2980 1067 3061 quod
1099 2980 1160 3042 sin-

196 3085 309 3167 gulare
324 3094 406 3147 esset
429 3107 485 3166 per
502 3106 535 3147 se
551 3085 759 3167 intelligibile,
777 3085 867 3167 quod
890 3094 938 3147 est
954 3094 1067 3147 contra
1083 3086 1159 3148 Phi-

197 3191 373 3273 losophum
397 3210 426 3255 Ι.
451 3192 552 3273 Pltys.
576 3230 620 3238 —
645 3191 840 3264 Securtdum,
869 3191 959 3272 quod
982 3192 1023 3254 de
1051 3192 1160 3275 singu·

197 3299 262 3360 lare
277 3308 360 3360 esset
383 3299 513 3361 scientia
537 3320 593 3380 per
609 3319 652 3373 se,
677 3307 709 3360 et
733 3298 977 3372 demonstratio,
1002 3299 1094 3380 quod
1110 3309 1158 3362 est

197 3414 312 3467 contra
335 3405 569 3488 Philosophum
594 3425 623 3490 7.
648 3404 796 3486 Metaple.
820 3441 865 3452 —
894 3406 1048 3479 Tertium,
1069 3407 1159 3487 quod

196 3512 360 3594 singulare
390 3523 472 3574 esset
496 3533 552 3594 per
583 3534 616 3575 se
646 3511 818 3585 definibile,
850 3512 939 3593 quod
968 3520 1016 3574 est
1047 3523 1161 3577 contra

199 3617 436 3700 Philosophum
468 3638 498 3704 7.
522 3617 670 3701 Metapli.
699 3657 742 3664 -
775 3617 895 3682 Omnia
919 3619 978 3683 ista
1009 3618 1163 3682 inconve-
