2634 4267
381 898 700 1009 Distinctio
740 900 1064 1007 XXXVIII.

364 1149 463 1227 Post
495 1150 708 1249 proediota
738 1152 793 1228 de
820 1128 1085 1230 voluntate...

427 1272 521 1337 Circa
546 1274 643 1337 istam
667 1275 755 1337 Dist.
777 1272 834 1354 58.
859 1276 1020 1356 quoeritur

612 1434 786 1515 QUAEsrro
802 1433 833 1497 I.

376 1594 483 1649 Utrum
501 1592 621 1647 Intenti«)
640 1594 678 1647 sIt
695 1596 778 1649 aetus
795 1593 883 1649 sollus
902 1594 1065 1649 voluntatis.

307 1740 445 1813 Videtur
468 1738 558 1820 quod
575 1759 649 1799 non.
664 1737 788 1803 Mattlz.
812 1737 845 1801 8.
870 1740 896 1801 si
912 1740 1026 1802 oculus
1048 1749 1114 1802 tuus
1126 1745 1179 1799 etc.

241 1846 318 1909 dicit
341 1847 448 1927 glossa
482 1846 572 1926 quod
608 1846 743 1908 intentio
765 1854 815 1908 est
837 1846 952 1908 oculus
987 1847 1113 1920 animae;
1132 1844 1184 1905 sed
1295 1875 1296 1880 1

241 1953 353 2015 oculus
376 1952 495 2013 animae
518 1960 567 2013 est
590 1952 787 2014 intellectus:
812 1973 891 2034 ergo
913 1953 1050 2015 intentio
1079 1960 1122 2014 est
1140 1970 1186 2011 ac-

240 2069 293 2122 tus
317 2059 513 2131 intellectus;
538 2078 626 2139 ergo,

309 2184 337 2228 2.
352 2168 520 2240 Praeterea‚
545 2165 681 2244 intentio
704 2165 839 2228 includit
851 2166 1042 2228 relationem
1054 2166 1141 2228 unius
1150 2164 1191 2225 ad

240 2275 378 2336 alterurn
390 2296 397 2349 ;
433 2273 488 2335 sed
513 2271 629 2335 referre
653 2272 841 2335 relationem
874 2274 970 2335 unius
1001 2274 1042 2336 ad
1066 2273 1192 2334 alterum

241 2390 289 2443 est
312 2389 403 2441 actus
427 2379 624 2457 intellectus3
649 2400 738 2460 ergo,

314 2485 442 2550 Contra.
468 2485 678 2567 Augustinus
690 2504 742 2568 14.
767 2485 907 2547 decinit.
924 2486 992 2548 Dei
1013 2486 1197 2567 dicitquod

242 2602 290 2656 est
313 2602 403 2655 aetus
427 2592 611 2655 voluntatis

309 2702 543 2763 RESPONDEO.
568 2699 683 2761 Primo
714 2699 892 2761 videndum
923 2708 972 2761 est
996 2700 1077 2780 quid
1099 2699 1140 2762 sit
1161 2699 1201 2760 in·

243 2808 390 2883 tendere;
415 2805 550 2867 secundo
574 2806 791 2887 propositum.

316 3020 539 3105 Quantum
565 3022 629 3086 ad
638 3021 844 3103 primum
880 3020 954 3082 dico
989 3022 1081 3102 quod
1105 3021 1205 3083 inten-

243 3129 319 3190 dere
342 3137 388 3189 est
413 3128 445 3189 in
469 3127 555 3189 aliud
579 3128 720 3200 tendere,
745 3135 777 3189 et
801 3127 864 3189 hoe
887 3135 1078 3209 potestesse
1102 3128 1204 3209 dupli·

243 3235 329 3309 citer,
354 3234 404 3296 vel
429 3235 519 3315 quod
542 3235 654 3296 tendat
677 3234 709 3296 in
733 3234 820 3295 aliud
841 3243 969 3296 motum
993 3234 1036 3296 ab
1059 3234 1135 3309 alio,
1159 3235 1206 3296 vel

243 3364 262 3403 a
286 3362 328 3415 se,
343 3350 423 3421 puta
446 3341 535 3422 quod
550 3349 659 3402 movet
683 3362 716 3401 se
740 3340 771 3402 in
795 3340 892 3414 aliud,
909 3350 942 3403 et
965 3340 1045 3401 illud
1068 3341 1103 3403 in
1119 3342 1207 3422 quod

243 3447 347 3510 tendit
371 3456 477 3529 potest
500 3468 568 3509 esse
592 3468 734 3528 praesens
758 3447 807 3509 vel
831 3446 956 3508 absens
981 3435 1100 3510 Primo
1119 3448 1207 3509 modo

245 3554 378 3615 tendere
401 3554 552 3615 convenit
576 3554 666 3615 omni
683 3554 837 3634 potentiae
851 3563 998 3633 respectu
1012 3554 1062 3615 sui
1075 3554 1192 3635 objecti
1198 3574 1206 3629 ;

246 3660 389 3720 seeundo
414 3659 513 3721 modo
538 3660 690 3722 convenit
712 3659 842 3741 proprie
875 3659 1034 3742 appetitui
1060 3661 1206 3723 rationali
