2634 4267
312 275 499 339 Drsrmcr.
523 276 589 338 XX
614 276 760 357 Qumsr.
785 278 800 339 Ι
967 292 1031 357 309

80 489 138 542 est
164 480 292 543 dictum
323 475 497 543 Avicennae
533 481 588 544 ubi
622 502 730 563 supra,
766 482 822 564 qui
856 482 935 545 dicit
969 482 1060 564 quod

83 587 237 649 duorum
262 596 463 667 spermatum
482 588 677 651 commixtio
699 599 749 652 est
771 590 957 663 necessaria,
982 589 1060 671 quia

80 713 169 754 cum
193 693 254 755 viri
278 713 407 774 sperma
440 694 481 756 sit
515 715 665 777 grossum
699 704 733 758 et
766 696 879 759 calidae
915 696 1060 777 comple-

83 800 211 874 xionis,
236 820 366 880 sperma
400 799 530 863 seminae
564 812 789 884 contemperat
823 802 1003 885 grossitiem
1027 811 1060 866 et

80 908 236 969 calorem
261 907 431 989 spermatis
455 908 561 982 maris,
589 918 723 990 propter
759 909 926 972 mollitiem
950 918 982 971 et
1005 907 1058 971 sri-

84 1014 265 1095 gi‘ditatem
293 1014 467 1095 propriam.
502 1051 547 1062 -
581 1014 725 1078 Ulterius
759 1016 833 1080 dico
869 1037 945 1079 cum
979 1016 1060 1079 Avi·

81 1141 208 1195 cenna,
233 1120 308 1182 licet
331 1120 526 1202 quibusdam
552 1142 617 1184 non
641 1124 777 1203 placeat,
813 1124 902 1205 quod
929 1144 1059 1204 sperma

86 1227 237 1289 mulieris
260 1235 294 1288 et
316 1248 445 1308 sperma
469 1228 566 1289 maris
593 1229 714 1290 cedunt
749 1231 798 1293 vel
834 1229 954 1291 intrant
990 1250 1059 1291 ma-

82 1334 209 1395 teriam
233 1332 326 1407 setus,
361 1334 451 1396 aliter
484 1343 594 1396 tamen
630 1344 663 1397 et
696 1336 796 1409 aliter,
826 1336 902 1417 quia
929 1356 1058 1416 sperma

83 1439 272 1502 femineum
297 1440 394 1502 intrat
417 1462 482 1503 non
508 1441 631 1503 habens
655 1442 721 1503 vim
754 1442 904 1515 activam,
929 1462 1057 1523 sperma

85 1557 205 1609 autem
229 1546 288 1608 viri
312 1546 409 1609 intrat
434 1546 557 1609 habens
580 1548 648 1609 vim
682 1549 832 1612 activam.
858 1548 1057 1628 Exemplum

84 1674 191 1715 suum
215 1662 280 1715 est:
306 1662 397 1735 pasta
431 1675 506 1735 quae
543 1662 590 1715 est
626 1656 726 1717 modo
761 1656 862 1736 panis,
887 1656 974 1717 etin
998 1655 1058 1717 vir-

83 1769 162 1822 tute
187 1760 302 1821 caloris
336 1758 421 1822 furni
456 1760 493 1823 fit
527 1761 559 1822 in
595 1770 688 1842 pasta
723 1762 877 1842 quaedam
905 1762 1055 1837 crustula,

87 1868 134 1935 sic
159 1868 260 1928 etiam
284 1875 332 1928 est
355 1868 487 1948 quando
510 1869 736 1930 coadunantur
765 1869 824 1930 ista
852 1878 1014 1950 spermata
1037 1891 1056 1931 a

84 1974 212 2036 virtute
250 1973 364 2034 caloris
407 1974 546 2036 matricis
592 1983 763 2056 generatur
810 1975 951 2037 crustula
989 1976 1056 2038 sive

87 2081 194 2161 pellis.

161 2186 369 2266 Quibusdam
408 2195 518 2249 autem
554 2186 616 2249 hoc
655 2208 721 2249 non
761 2188 876 2269 placet,
912 2189 1056 2251 volentes

87 2293 183 2374 quod
207 2313 318 2354 semen
342 2292 431 2354 virile
457 2303 629 2360 concurrat
660 2295 891 2356 tantummodo
916 2303 951 2356 ut
974 2295 1056 2357 dans

87 2400 256 2472 formam,
296 2400 371 2481 quia
408 2400 499 2461 aliter
534 2400 620 2462 idem
656 2410 739 2461 esset
773 2400 805 2461 in
841 2401 986 2481 potentia
1024 2411 1056 2464 et

88 2515 177 2579 actu,
203 2514 237 2567 et
260 2506 402 2567 activum
426 2515 458 2567 et
482 2506 657 2587 passivum.
683 2506 845 2568 Teneatur
869 2508 959 2588 quod
984 2508 1056 2589 plus

86 2614 209 2694 placet.
1047 2667 1050 2673 ,

161 2715 361 2802 Quantum
384 2715 438 2785 ad
458 2716 609 2785 tertium
633 2728 710 2781 sunt
728 2719 803 2781 duae
824 2719 991 2800 opiniones
1015 2722 1056 2783 de

88 2825 288 2887 formatione
318 2823 410 2886 fetus.
441 2825 513 2888 Una
547 2834 596 2887 est
631 2825 811 2907 Augustini
835 2824 889 2904 83.
919 2825 1050 2901 Qmesl„

85 2932 146 3013 qui
182 2930 262 2993 dicit
296 2932 386 3012 quod
421 2932 473 2992 illa
508 2930 659 2993 formatio
699 2931 734 2994 fit
770 2933 801 2994 in
839 2933 1055 3015 quadraginta

86 3038 207 3103 diebus
230 3037 285 3098 tali
309 3038 430 3112 ordine,
447 3060 504 3100 sm
527 3039 640 3101 diebus
661 3039 772 3120 primis
795 3047 843 3100 est
867 3039 926 3101 sub
951 3038 1055 3102 forma

88 3145 194 3218 lactiS,
218 3165 330 3206 novem
343 3145 468 3206 diebus
491 3146 552 3207 sub
572 3144 678 3208 forma
694 3146 868 3227 sanguinis
889 3146 1054 3209 duodecim

89 3252 207 3315 diebus
230 3259 278 3312 est
301 3251 362 3312 sub
386 3250 490 3313 forma
513 3252 626 3326 carnis,
649 3252 755 3314 decem
778 3262 809 3313 et
831 3263 895 3314 octo
923 3254 1055 3315 residuis

86 3360 206 3421 diebus
230 3356 474 3438 distinguuntur
497 3366 530 3419 et
553 3356 735 3421 formantur
764 3359 919 3420 membra.

157 3466 238 3528 Alia
260 3472 309 3525 est
332 3464 384 3525 via
415 3485 514 3546 quam
549 3465 655 3545 tangit
690 3465 843 3545 quaedam
879 3464 995 3527 Glossa
1018 3465 1054 3528 in

89 3572 245 3640 Levitico,
274 3570 365 3652 quod
397 3571 558 3633 masculus
593 3571 625 3632 in
659 3572 877 3652 quadraginta
911 3572 1055 3652 quinque

88 3680 204 3743 diebus
228 3677 398 3750 formatur,
423 3676 643 3739 seminavero
668 3678 697 3739 in
720 3678 886 3759 octaginta
902 3687 1053 3759 quatuor.
