2634 4267
244 261 305 322 118
491 257 565 322 L1a.
591 260 620 322 11
645 259 939 324 Sauranvrnnun

215 473 266 525 est
285 463 382 544 juxta
405 484 448 527 se.
474 464 602 526 Eodem
627 464 727 526 modo
750 473 783 526 et
806 462 984 527 differentia
1000 465 1174 528 individua-

216 568 253 631 lis
276 571 388 652 recipit
411 570 497 633 illam
521 570 679 653 triplicem
694 571 982 652 comparationem,
995 580 1028 633 et
1040 581 1089 634 est
1100 581 1175 634 tunc
1281 595 1282 598 ¹

216 677 298 739 inter
333 676 545 740 differentiam
581 676 764 759 specificam
788 686 821 740 et
845 677 1077 742 individualem
1106 699 1176 741 con·

215 784 377 846 venientia
399 792 431 845 et
454 783 641 858 differentia
667 805 743 846 nam
768 785 793 848 si
817 783 994 847 differentia
1029 784 1177 866 specifica

215 899 424 973 comparetur
447 890 490 952 ad
514 891 592 953 illud
615 890 706 972 quod
729 900 778 953 est
801 890 883 954 infra
905 911 949 964 se,
973 901 1064 966 tunc,
1097 893 1177 972 sicut

215 997 342 1059 entitati
364 997 447 1059 illius
470 996 657 1060 differentiae
681 997 840 1078 specificae
875 1007 1037 1080 repugnat
1080 998 1176 1061 dividi
1277 1059 1278 1078 ,

215 1103 423 1166 essentialiter
447 1104 479 1165 in
503 1104 596 1185 plura
620 1104 736 1185 specie,
753 1115 786 1166 et
798 1124 856 1185 per
869 1103 931 1167 hoc
944 1113 1107 1186 repugnat
1119 1105 1176 1167 toti

216 1211 310 1291 cujus
332 1212 393 1273 ista
415 1212 531 1274 entitas
553 1221 602 1273 est
625 1233 682 1292 per
706 1232 739 1274 se
755 1232 829 1293 pars
836 1232 843 1287 ;
857 1212 901 1274 ita
913 1211 1011 1274 etiam
1033 1211 1176 1274 differen-

215 1317 270 1379 tiae
295 1318 481 1381 individuali
505 1327 666 1401 repugnat
689 1318 788 1381 dividi
812 1319 844 1380 in
857 1327 964 1400 partes
984 1318 1177 1399 subjectivas

216 1435 249 1489 et
272 1446 329 1506 per
360 1425 467 1506 ipsum
491 1434 653 1507 repugnat
676 1425 748 1488 talis
771 1425 885 1487 divisio
907 1425 967 1487 toti
991 1425 1085 1505 cujus
1119 1425 1177 1486 ista

215 1532 332 1594 entitas
354 1541 403 1594 est
425 1552 509 1612 pars.
535 1531 723 1594 Differentia
745 1540 855 1594 autem
879 1540 927 1594 est
950 1532 982 1594 in
1007 1531 1080 1604 hoc,
1103 1531 1176 1613 quia

215 1637 275 1701 ista
283 1639 460 1701 differentia
472 1638 677 1701 individualis
688 1638 833 1700 excludit
845 1658 977 1700 omnem
987 1638 1175 1700 divisionem

216 1756 340 1810 naturae
364 1754 432 1807 tam
457 1745 656 1806 numeralem
680 1765 781 1826 quam
805 1743 1006 1826 specificam3
1031 1744 1175 1807 differen-

213 1854 258 1916 tia
280 1862 390 1914 autem
422 1850 571 1933 specifica
605 1851 755 1932 quamvis
789 1850 945 1913 excludat
982 1851 1172 1913 divisionem

214 1958 408 2042 specificam,
433 1978 498 2019 non
521 1966 632 2019 tamen
645 1957 836 2020 divisionem
861 1966 986 2020 naturae
1010 1958 1043 2020 in
1068 1967 1174 2040 partes

216 2065 418 2146 subjectivas
444 2064 477 2127 Si
501 2073 611 2126 autem
635 2074 865 2145 comparentur
877 2063 1056 2127 differentia
1076 2064 1175 2147 speci-

216 2171 277 2235 fica
299 2180 332 2234 et
355 2170 559 2233 individualis
582 2171 624 2232 ad
648 2171 727 2233 illud
751 2171 841 2252 quod
865 2171 988 2233 habent
1011 2192 1109 2254 supra
1131 2192 1173 2245 se,

212 2289 262 2342 est
283 2277 507 2340 convenientia
530 2285 562 2338 et
574 2275 761 2340 differentia.
776 2277 1021 2352 Convenientia,
1039 2279 1116 2361 quia
1131 2279 1172 2340 si-

215 2395 271 2448 cut
294 2385 419 2447 realitas
442 2405 461 2446 a
473 2405 538 2465 qua
550 2385 688 2446 sumitur
700 2384 878 2447 differentia
890 2383 1041 2466 specifica
1053 2396 1102 2449 est
1124 2406 1175 2449 ac-

215 2493 310 2555 tualis
332 2499 479 2572 respectu
503 2491 653 2553 realitatis
676 2513 695 2552 a
719 2512 784 2573 qua
808 2492 947 2554 sumitur
960 2513 1064 2575 genus
1076 2503 1108 2556 et
1124 2495 1175 2556 de·

215 2599 368 2662 terminat
390 2619 473 2673 eam;
497 2598 543 2658 sic
565 2596 744 2660 differentia
772 2599 976 2662 individualis
997 2609 1048 2662 est
1071 2610 1176 2663 actua·

215 2705 252 2767 lis
275 2712 421 2786 respectu
446 2704 596 2765 realitatis
620 2704 779 2786 specificae
804 2714 836 2767 et
859 2706 1055 2768 determinat
1092 2727 1175 2770 eam.

215 2812 280 2876 Sed
303 2820 352 2874 est
374 2811 535 2885 dissimile,
560 2811 667 2893 primo
696 2812 772 2893 quia
811 2812 988 2874 differentia
1027 2813 1176 2895 specifica

214 2918 389 3000 aliquando
413 2917 550 2980 sumitur
573 2939 592 2979 a
616 2928 708 2999 parte
730 2919 897 2993 essentiali,
911 2919 1087 3000 aliquando
1100 2941 1176 2982 vero

214 3026 257 3088 ab
280 3025 394 3087 ultima
417 3024 559 3086 realitate
571 3024 696 3100 sormae;
710 3025 887 3087 differentia
899 3046 977 3088 vero
995 3027 1176 3090 individua-

215 3131 252 3195 lis
275 3152 401 3212 semper
426 3131 563 3194 sumitur
586 3132 627 3193 ab
652 3132 766 3194 ultima
790 3133 932 3194 realitate
955 3131 1071 3195 sormae
1101 3155 1176 3216 quae

213 3239 291 3301 dicit
303 3247 499 3320 conceptum
512 3238 698 3319 simpliciter
714 3239 911 3321 simplicem;
925 3247 974 3301 est
986 3249 1098 3302 autem
1115 3242 1176 3304 alia

214 3344 401 3418 differentia,
426 3345 502 3427 quia
525 3344 702 3407 differentia
715 3345 865 3427 specifica
876 3355 925 3408 est
948 3348 1104 3427 quaedam
1124 3368 1176 3410 en-

214 3453 290 3514 titas
305 3452 529 3533 quidditativa,
552 3461 585 3514 et
608 3452 775 3514 constituit
798 3453 1018 3534 compositum
1043 3454 1075 3516 in
1107 3476 1175 3517 esse

215 3558 439 3641 quidditativ0,
453 3558 630 3622 differentia
642 3580 720 3621 vero
732 3559 936 3623 individualis
948 3569 997 3622 est
1009 3562 1116 3642 primo
1133 3563 1176 3624 di·

212 3687 307 3728 versa
318 3667 360 3728 ab
373 3667 463 3728 omni
486 3668 619 3729 entitate
631 3667 856 3746 quidditativa,
870 3676 902 3729 et
914 3667 990 3748 quia
1002 3689 1022 3729 a
1034 3668 1176 3731 Philoso-
