2634 4267
264 311 452 372 Drsrmcr.
478 309 561 371 XIV
587 307 743 389 Qunsr.=
759 309 788 370 ΙΙ
963 321 1025 386 257

162 513 286 580 Contra.
311 513 530 595 Philosophus
553 531 603 575 12.
629 511 776 594 Metapa.
801 511 973 596 investigat
990 531 1050 574 nu-

100 641 214 683 merum
230 620 525 703 intelligentiarum,
543 619 864 689 numerumorbium‚
883 619 960 700 quia
976 627 1052 682 sunt

101 737 232 790 motores
255 729 396 793 orbium.
966 719 969 724 ’

160 830 385 898 RESPONDEO
410 842 442 896 et
466 833 540 895 dico
568 833 658 914 quod
693 832 745 894 hic
784 841 951 914 ponuntur
989 840 1053 893 tres

101 920 243 1004 Articuli.
267 942 305 1002 In
324 941 434 1021 prima
457 948 625 1021 ponuntur
651 948 716 1001 tres
750 939 918 1021 opiniones
941 933 1052 1018 lalsae,

101 1055 132 1108 et
151 1047 180 1109 in
202 1047 339 1109 sacnna’a
362 1047 481 1109 dicitur
504 1046 684 1109 secundum
708 1045 876 1108 veritatem
901 1044 991 1126 quod
1006 1045 1053 1106 in-

101 1153 266 1236 telligentia
290 1162 398 1216 creata
422 1162 533 1215 movet
556 1153 696 1228 coelum3
721 1152 813 1214 tertia
836 1150 1051 1214 declarabitur

101 1259 124 1319 si
140 1259 195 1322 ista
217 1260 302 1322 actio
325 1260 366 1322 sit
389 1259 530 1322 totaliter
554 1260 596 1321 ab
621 1258 830 1340 intelligentia
854 1259 904 1320 vel
928 1278 947 1318 a
970 1257 1053 1320 De0.

165 1471 388 1557 Quantum
405 1473 678 1556 adprtmnm
693 1481 742 1534 est
758 1489 823 1534 una
838 1471 948 1554 opinio
961 1470 1050 1552 quod

100 1579 210 1641 coelum
232 1579 379 1641 effective
402 1588 552 1641 movetur
582 1600 602 1641 a
625 1579 730 1660 prima
764 1599 861 1641 causa
884 1599 950 1640 non
983 1597 1049 1638 me·

101 1684 200 1747 diante
232 1686 341 1767 aliqua
363 1706 461 1748 causa
496 1687 648 1760 secunda,
684 1685 760 1767 quia
795 1682 903 1766 potest
938 1687 1054 1748 imme-

103 1790 180 1853 diate
215 1813 273 1874 per
307 1791 446 1874 seipsam
479 1812 619 1856 movere.
655 1828 699 1838 -
728 1790 856 1856 Contra.
894 1791 1055 1873 Quamvis
1097 1819 1102 1828 ·

101 1895 183 1960 Deus
197 1907 309 1980 posset
333 1919 467 1961 movere
483 1900 596 1961 orbem
621 1919 687 1961 non
712 1898 874 1961 mediante
897 1919 994 1961 causa
1010 1921 1056 1962 se-

103 2005 208 2078 cunda,
231 2014 343 2066 tamen
367 2014 501 2087 propter
525 2005 856 2068 communicationem
880 2026 948 2067 suae
965 2007 1053 2068 boni·

103 2109 169 2172 tatis
183 2118 215 2172 et
237 2119 371 2193 propter
396 2111 553 2192 majorem
570 2121 791 2174 creaturarum
816 2112 1053 2174 connexionem

41 2204 42 2211 ἵ
103 2215 195 2278 voluit
217 2217 325 2299 ipsum
351 2238 482 2280 movere
507 2218 725 2280 mediantibus
748 2218 851 2280 causis
874 2220 1031 2280 secundis.
1123 2287 1126 2291 ,

161 2321 309 2385 Secunda
332 2324 439 2405 opinio
461 2334 510 2387 est
534 2325 716 2386 Avicennae
740 2316 770 2406 9.
797 2323 944 2406 Mataplr.
968 2347 993 2386 c.
1022 2345 1053 2388 2.

103 2430 183 2508 quod
206 2431 329 2492 coelum
354 2440 504 2493 movetur
539 2431 685 2494 effective
708 2432 750 2493 ab
773 2432 882 2493 anima
915 2433 988 2493 coeli
1012 2452 1055 2494 ex

103 2537 236 2616 eoquod
260 2536 313 2598 illa
329 2537 440 2599 anima
464 2546 614 2600 movetur
630 2538 671 2599 ab
696 2538 906 2620 intelligentia
930 2539 991 2600 sub
1008 2559 1054 2600 ra-

103 2638 182 2703 tione
203 2643 303 2704 amati
327 2652 360 2705 et
383 2643 564 2706 desiderati.
588 2681 632 2690 —
661 2642 780 2708 Contra
804 2645 899 2708 istam
933 2644 1056 2726 opinio·

105 2764 171 2809 nem
194 2758 284 2830 patet
309 2750 399 2831 quod
422 2750 578 2832 supponit
605 2749 733 2826 falsum,
757 2752 846 2832 quod
871 2751 992 2813 coelum
1015 2751 1057 2813 sit

108 2852 290 2929 animatum,
315 2856 405 2937 quod
439 2855 663 2938 improbatum
688 2866 736 2919 est
759 2857 790 2918 in
810 2875 845 2937 3.
877 2867 939 2919 art.
958 2868 1055 2938 praa.

104 2969 204 3036 quast.

170 3067 277 3130 Tertia
300 3067 410 3149 apinia
430 3078 481 3131 est
502 3071 592 3151 quod
615 3071 738 3133 coelum
764 3080 912 3132 movetur
930 3080 1058 3132 natura-

107 3169 209 3236 litera
231 3195 290 3236 sua
312 3173 417 3237 forma
452 3176 535 3238 sicut
558 3176 673 3239 formae
708 3178 857 3258 gravium
882 3186 914 3239 et
937 3178 1057 3239 levium

107 3275 322 3342 determinatae
357 3283 498 3344 suntad
523 3291 651 3345 motum
687 3303 814 3346 sursum
839 3293 871 3345 et
894 3285 1056 3346 deorsum.

105 3416 143 3429 -
167 3383 295 3460 Contra,
323 3409 479 3469 corporea
503 3389 715 3452 determinata
738 3391 780 3451 ad
815 3390 955 3471 aliquem
990 3411 1052 3452 mo·

105 3494 168 3552 tum
191 3494 370 3556 naturalem
394 3495 649 3566 determinantur
673 3497 715 3559 ad
747 3497 847 3571 illum,
872 3497 945 3558 ideo
980 3497 1056 3576 quia

107 3609 338 3682 consequuntur
362 3621 419 3682 per
442 3601 549 3683 ipsum
566 3603 708 3684 aliquam
733 3602 981 3684 perfectionem;
999 3603 1054 3664 sed

107 3703 217 3768 coelum
241 3728 307 3770 non
331 3708 539 3790 consequitur
556 3730 613 3791 per
636 3731 732 3771 suum
758 3719 884 3772 motum
912 3709 1054 3790 aliquam

950 3837 975 3878 17
