2634 4267
280 275 467 337 Drsrmcr.
492 273 570 336 VIII
595 273 742 355 Quum.
767 274 798 336 ΙΙ
979 290 1040 353 199

109 478 239 542 cidentia
262 500 338 560 quae
362 487 538 560 apparent;
560 487 618 542 aut
634 487 813 540 assumeret
837 499 956 560 corpus
980 478 1064 540 mix-

107 593 184 658 tum,
206 593 238 646 et
261 584 324 647 hoc
350 605 415 647 non
438 585 514 666 quia
538 605 603 647 non
620 585 748 647 videtur
772 584 891 646 habere
906 584 1060 646 virtutem

108 691 238 752 activam
273 692 317 754 ad
349 692 550 754 miscendum
585 692 746 755 elementa
769 691 950 754 secundum
974 712 1063 753 com·
1090 673 1094 679 ⁵

108 797 293 860 mixtionem
317 799 389 860 talis
412 799 556 880 corporis
566 820 573 875 ;
590 807 647 860 aut
663 808 842 861 assumeret
861 819 981 880 corpus
997 819 1061 860 coe·

108 903 188 977 leste,
210 913 243 967 et
267 904 330 967 hoc
354 925 430 978 non,
454 905 531 986 quia
545 905 625 967 illud
649 926 715 967 non
740 905 852 986 recipit
877 904 1063 987 peregrinas

108 1011 336 1092 impressiones,

171 1135 198 1196 3.
233 1120 396 1181 Praeterea
430 1118 554 1191 tertio:
579 1118 604 1180 si
639 1127 747 1200 potest
772 1118 803 1180 in
843 1137 979 1199 corpore
1013 1137 1063 1178 as-

107 1235 232 1306 sumpto
255 1245 407 1287 exercere
430 1245 529 1306 opera
552 1225 647 1305 vitae3
673 1246 753 1308 ergo
785 1233 833 1287 est
865 1225 907 1287 ibi
939 1224 1061 1306 aliquid

106 1331 220 1394 vivum.
251 1329 450 1412 Consequens
472 1341 520 1394 est
543 1331 678 1407 falsum;
696 1353 775 1415 ergo
798 1341 831 1394 et
854 1333 1059 1394 antecedens

108 1437 237 1501 Falsitas
259 1439 477 1520 consequentis
501 1448 599 1520 patet,
624 1439 701 1520 quia
720 1459 841 1520 corpus
865 1459 930 1501 non
955 1447 1002 1500 est
1018 1439 1064 1499 vi-

106 1565 179 1607 vum
202 1545 262 1607 nisi
287 1564 343 1626 per
367 1544 506 1607 formam
530 1546 661 1608 vitalem
690 1544 938 1619 informantem;
962 1566 1060 1626 ange-

108 1651 153 1712 lus
173 1661 283 1714 autem
308 1672 373 1714 non
397 1660 505 1733 potest
527 1673 597 1714 esse
625 1651 731 1714 forma
762 1653 916 1733 corporis.
954 1649 1063 1715 Conse-

107 1759 232 1837 quentia
255 1758 422 1840 probatur‚
454 1758 530 1840 quia
561 1758 666 1820 forma
697 1767 845 1839 separata
877 1779 896 1820 a
928 1759 1062 1821 materia

107 1884 167 1927 non
190 1874 296 1946 potest
319 1874 536 1928 transmutare
559 1866 729 1928 materiam
763 1886 820 1946 per
853 1865 1063 1929 Commenta-

108 1978 206 2032 torem
229 1991 259 2056 7.
284 1971 431 2052 Metuple.
999 2033 1000 2040 ,

169 2079 208 2139 Iu
230 2079 432 2140 contrarium
456 2087 546 2160 patet
569 2099 626 2160 per
650 2080 753 2141 multa
777 2080 848 2142 loca
873 2078 1060 2160 Scripturae,

109 2192 182 2262 puta
202 2186 243 2247 de
274 2184 414 2266 Angelis
444 2186 677 2267 apparentibus
707 2185 856 2248 Abrahae
886 2194 919 2247 et
943 2185 984 2247 de
1006 2206 1064 2247 an-

111 2290 179 2369 gelo
201 2291 325 2354 Tobiae.
765 2365 769 2376 ,

168 2398 463 2462 RESPON810.Hic
483 2408 559 2461 sunt
583 2399 643 2461 tria
659 2400 809 2462 videnda.
827 2400 959 2473 Primo,
982 2399 1061 2480 quid

110 2501 291 2584 importetur
315 2525 373 2586 per
391 2505 545 2586 angelum
563 2526 728 2568 assumere
751 2527 879 2587 corpus.
900 2505 1056 2577 Seceurdo,

109 2611 195 2688 quale
216 2633 336 2693 corpus
359 2612 504 2673 assumit.
535 2613 651 2684 Tertio,
672 2613 697 2674 si
722 2613 754 2675 in
775 2613 829 2675 illo
853 2593 990 2694 corpore
1006 2633 1061 2694 po-

109 2722 165 2779 test
184 2738 334 2781 exercere
357 2739 457 2799 opera
480 2719 566 2781 vitae.

172 2930 396 3015 Quantum
420 2933 486 2996 uel
496 2932 702 3015 primum
720 2933 793 2995 dico
816 2943 957 3015 quatuor
975 2936 1060 2999 Con-

109 3033 266 3101 clusiones.

167 3144 295 3216 Prima,
335 3145 425 3226 quod
461 3166 527 3207 non
563 3146 720 3228 importat
757 3149 963 3229 praesentiam
996 3170 1060 3231 qua

110 3264 240 3323 presens
263 3259 312 3312 est
340 3253 478 3332 corpori,
509 3253 586 3334 quia
618 3262 697 3315 tunc
728 3264 906 3316 assumeret
937 3257 1059 3318 coelum

111 3357 279 3436 empireum
304 3357 355 3419 cui
379 3366 427 3419 est
450 3374 601 3439 praesens

169 3463 317 3526 Secunda
350 3462 528 3538 Conclusio,
567 3468 657 3547 quod
690 3489 755 3530 non
780 3469 935 3548 importat
969 3469 1059 3530 unio-

112 3583 176 3630 nem
200 3570 343 3632 materiae
367 3571 409 3632 ad
441 3570 591 3646 formam,
627 3575 704 3654 quia
740 3584 775 3637 ut
806 3575 904 3656 aliqui
937 3577 1058 3647 dicunt,

113 3667 193 3737 Deus
215 3697 279 3738 non
304 3685 411 3758 potest
434 3677 538 3740 lacere
565 3681 720 3762 angelum
756 3680 930 3744 informare
963 3690 1060 3743 mate·
