2634 4267
295 264 481 328 Drsrmcr.
511 264 609 327 XXII
632 263 820 347 QuAEsr.··I
990 284 1051 348 323

184 470 277 533 Unus
301 468 465 543 Richardi,
482 470 573 551 quod
596 469 779 552 ignorantia
803 471 973 553 dupliciter
996 473 1075 535 acci·
1163 482 1174 503 s

99 576 209 657 pitur:
243 596 311 638 uno
335 577 435 638 modo
459 597 519 658 pro
542 576 693 658 simplici·
710 577 892 652 nescientia,
928 599 1003 659 quae
1027 588 1075 642 est

108 691 261 763 respectu
290 681 419 744 illorum
442 702 518 763 quae
543 702 609 744 non
632 691 762 744 tenetur
786 682 887 745 homo
918 684 1006 758 scire,
1042 693 1075 746 et

108 788 183 851 talis
206 788 390 870 ignorantia
414 810 480 851 non
503 797 551 851 est
567 810 676 869 poena,
700 790 757 851 sed
781 788 925 852 defectus
949 799 1075 853 natura-

108 896 148 958 lis
171 917 374 978 consequens
398 905 559 971 naturam;
595 897 740 959 secundo
775 897 875 958 modo
918 897 1074 979 accipitur

106 1003 296 1085 ignorantia
319 1023 379 1085 pro
402 1002 575 1065 nescientia
598 1021 713 1065 eorum
737 1023 812 1084 quae
836 1003 908 1084 quis
945 1012 1074 1066 tenetur

102 1110 190 1172 scire
212 1131 275 1191 pro
299 1109 353 1172 illo
376 1117 524 1190 tempore
546 1130 614 1191 quo
638 1109 735 1172 debet
758 1130 796 1171 ea
818 1110 907 1171 scire.

96 1265 102 1272 .
156 1217 237 1278 Ad
251 1216 451 1297 propositum
475 1215 553 1279 dicit
567 1216 658 1296 quod
682 1216 787 1297 prima
803 1215 986 1297 ignorantia
1009 1215 1073 1279 fuit

103 1323 140 1385 in
163 1309 279 1405 primis
303 1323 490 1405 parentibus
513 1332 590 1385 ante
612 1332 794 1404 peccatum,
819 1324 961 1385 secunda
992 1343 1071 1387 non.

175 1430 346 1494 Secundus
368 1429 482 1493 modus
516 1429 648 1492 dicendi
680 1439 729 1492 est
753 1428 852 1513 Scoti‚
876 1430 1072 1511 quodqnae-

105 1538 186 1599 dam
210 1546 262 1599 est
284 1536 466 1619 ignorantia
490 1537 677 1617 praecedens
692 1545 864 1617 peccatum
881 1545 913 1598 et
929 1536 1072 1617 disponit

102 1646 149 1707 ad
174 1654 360 1726 peccatum,
385 1643 526 1705 secunda
550 1652 599 1705 est
629 1642 812 1725 ignorantia
847 1643 1071 1706 concomitans

106 1760 293 1834 peccatum,
325 1750 417 1812 tertia
440 1759 489 1812 est
512 1750 695 1831 ignorantia
733 1769 808 1830 quae
845 1749 989 1830 sequitur
1028 1770 1071 1811 ex

105 1866 243 1941 peccato
267 1856 359 1938 quasi
383 1877 482 1937 poena
494 1856 586 1937 ejus·
609 1856 672 1919 Vel
695 1856 785 1918 aliter
816 1855 870 1917 sic:
889 1856 1071 1937 ignorantia

105 1974 216 2048 potest
239 1950 341 2045 accipi
364 1963 415 2024 vel
439 1984 499 2044 pro
533 1962 715 2044 ignorantia
742 1962 889 2043 simplici,
925 1963 975 2026 vel
1011 1984 1071 2044 pro

101 2071 290 2154 ignorantia
313 2090 456 2144 erronea,
480 2071 530 2132 vel
555 2090 614 2151 pro
637 2069 820 2151 ignorantia
833 2068 907 2131 sacti
931 2070 964 2130 in
988 2090 1022 2131 se
1037 2080 1070 2133 et

103 2180 218 2261 quoad
240 2178 364 2259 aliquas
387 2176 653 2239 circumstantias,

172 2286 233 2347 Ad
247 2284 447 2365 propositum
472 2284 549 2345 dicit
580 2284 671 2364 quod
706 2282 831 2363 primus
867 2282 968 2345 homo
1004 2303 1069 2345 non

101 2391 254 2474 peccavit
266 2390 448 2473 ignorantia
471 2410 606 2464 errorea,
619 2390 696 2471 quia
708 2389 890 2470 approhare
910 2410 986 2450 vera
1009 2410 1069 2470 pro

95 2499 193 2561 ‚falsis
215 2507 264 2560 est
286 2507 412 2560 naturae
436 2497 534 2578 lapsae
548 2517 613 2559 non
626 2496 946 2577 institutae;peccavit
958 2505 1068 2557 autem

104 2605 290 2688 ignorantia
324 2604 630 2678 cirumstantiarum,
664 2604 740 2686 quia
785 2603 897 2665 volens
942 2603 1069 2684 placere

103 2712 211 2785 uxori,
236 2712 371 2774 credidit
383 2712 507 2774 veniale
529 2712 618 2793 quod
642 2710 702 2773 fuit
726 2710 871 2784 mortale,
897 2719 932 2771 ut
978 2720 1069 2792 patet

100 2841 161 2901 per
178 2819 407 2901 Augustinum
422 2829 518 2900 super
544 2818 655 2881 Grues.
680 2818 728 2880 ud
748 2817 811 2879 u‘u.
907 2806 910 2814 ’

177 3031 403 3116 Quantum
416 3032 481 3096 ud
488 3031 666 3096 tertium
683 3029 945 3103 Articulum,
959 3039 1068 3111 posset

97 3140 166 3202 -dici
190 3160 267 3201 cum
291 3136 489 3219 Philosopho
508 3156 534 3221 5
558 3137 667 3203 Etlric.
692 3137 748 3218 qui
761 3137 854 3198 dicit:
873 3136 996 3217 duplex
1020 3147 1068 3198 est

101 3246 296 3328 ignorantia,
321 3265 385 3306 una
408 3253 456 3306 est
479 3244 511 3305 in
535 3254 609 3306 actu
633 3252 667 3307 et
694 3244 725 3305 in
754 3243 880 3316 habitu,
916 3243 999 3305 sicut
1034 3242 1066 3304 in

99 3353 279 3435 principio;
303 3352 365 3414 alia
388 3351 420 3413 in
443 3362 517 3414 actu
542 3352 599 3413 sed
622 3370 689 3412 non
712 3351 745 3412 in
781 3350 906 3423 habitu,
926 3349 1010 3411 sicut
1034 3350 1067 3410 in

100 3460 156 3523 illo
190 3460 247 3541 qui
282 3459 420 3521 vincitur
458 3480 478 3521 a
512 3458 670 3540 passione,
712 3458 817 3540 prima
852 3465 997 3530 excusat,
1022 3476 1069 3518 se-

98 3568 211 3630 cunda
235 3587 312 3629 non.
