2634 4267
447 916 766 1025 Distinctio
793 915 1006 1022 XVIII.

408 1167 445 1243 tn
478 1169 623 1244 eodem
656 1188 824 1266 quoque
852 1166 1083 1264 paradiso...

461 1289 557 1356 Circa
580 1291 679 1353 istam
703 1290 790 1353 Dist.
812 1308 864 1375 14.
888 1311 997 1371 quoero

625 1431 799 1514 Qumsmo
823 1434 837 1496 l

297 1574 404 1630 Utrum
422 1573 453 1627 tn
470 1573 594 1629 materh
610 1572 649 1627 ult
667 1572 744 1628 ratlo
762 1573 906 1629 seminalis
923 1574 1099 1629 adfuturum
1120 1571 1187 1626 mtu-

241 1663 346 1720 rullter
363 1663 538 1718 educendum
556 1663 590 1717 de
608 1662 679 1731 ipsu.

312 1789 451 1852 Videtur
476 1791 566 1871 quod
590 1790 644 1864 sic,
669 1789 746 1871 quia
761 1790 839 1852 alias
863 1788 969 1852 forma
992 1797 1150 1862 crearetur,
1168 1784 1188 1846 si

244 1896 324 1958 nihil
350 1895 420 1976 ejus
443 1897 677 1978 praeexisteret.

314 1984 476 2087 Secund0,
494 2003 570 2084 quia
593 2003 672 2064 alias
689 2003 853 2085 generatio
871 2002 1026 2065 naturalis
1049 2010 1126 2064 esset
1139 2000 1192 2061 vio·

246 2111 342 2184 lenta,
366 2110 442 2191 quia
466 2110 647 2172 violentum
682 2120 731 2172 est
755 2111 847 2191 cujus
878 2110 1075 2192 principium
1097 2117 1141 2170 est
1159 2106 1192 2168 ab

244 2226 341 2280 extra
364 2237 405 2278 ex
424 2234 458 2294 5.
485 2215 594 2280 Etlzz'c.

313 2323 422 2384 Tertio
438 2323 499 2384 sic:
526 2322 693 2404 generatio
717 2321 833 2385 formae
850 2323 1070 2385 substantialis
1092 2332 1136 2384 est
1149 2340 1192 2382 na·

247 2430 359 2493 turalis
369 2452 376 2506 ;
401 2450 480 2510 ergo
496 2439 544 2490 est
559 2451 579 2490 a
595 2429 753 2510 principio
770 2429 942 2492 intrinseco
959 2430 1113 2492 materiae.
1133 2426 1193 2492 Cou-

244 2536 412 2618 sequentia
436 2537 592 2616 probatur
615 2558 657 2597 ex
675 2553 703 2597 2.
718 2535 819 2617 Phys.
843 2536 905 2598 sic:
928 2546 1044 2598 natura
1067 2546 1115 2599 est
1129 2535 1193 2618 prin·

246 2643 369 2724 cipium
395 2651 504 2704 motus
527 2651 559 2704 et
582 2643 699 2724 quietis
723 2642 794 2723 ejus
818 2643 850 2705 in
874 2664 942 2724 quo
964 2652 1023 2708 est.

317 2750 444 2831 Quarto
467 2749 529 2810 sic:
554 2748 584 2810 6.
610 2748 758 2829 Metaplt.
783 2748 1001 2830 Philosophus
1013 2750 1108 2812 dicit:
1130 2747 1194 2830 phy·

247 2857 313 2918 sica
337 2876 402 2917 non
433 2865 482 2917 est
507 2856 657 2936 practica,
690 2857 766 2938 quia
790 2857 987 2938 principium
1024 2855 1192 2918 factibilium

247 2962 353 3024 estin
377 2961 522 3035 faciente,
560 2962 755 3044 principium
779 2983 857 3024 vero
892 2963 1088 3025 naturalium
1110 2969 1152 3023 est
1169 2959 1192 3019 in

250 3069 327 3150 ipsis
362 3069 467 3130 rebus.
495 3068 580 3131 Cum
615 3089 694 3150 ergo
720 3069 923 3132 uniformiter
958 3068 1077 3150 accipit
1099 3064 1193 3150 princi·

249 3175 352 3258 pium,
377 3175 453 3256 quia
484 3175 575 3237 aliter
598 3185 831 3256 argumentum
854 3197 952 3238 suum
989 3196 1055 3238 non
1085 3175 1192 3242 valeret,

249 3289 380 3363 oportet
404 3282 494 3362 quod
518 3282 677 3363 intelligat
701 3283 742 3344 de
766 3281 925 3364 principio
949 3281 1067 3344 activo.

319 3387 444 3467 Quinto
468 3387 530 3450 sic:
556 3408 585 3472 7.
603 3387 764 3470 Metulum,
790 3389 843 3450 illa
859 3409 934 3470 quae
950 3397 1027 3450 sunt
1050 3409 1122 3450 casu
1136 3403 1192 3467 pos·

249 3504 328 3556 sunt
351 3495 496 3576 generari
521 3495 603 3557 sicut
627 3516 665 3557 ea
689 3496 720 3557 in
757 3516 899 3576 quorum
925 3496 1059 3558 materia
1082 3489 1193 3576 praeexi·

250 3601 308 3663 stit
331 3601 438 3681 aliqua
463 3622 537 3682 pars
560 3601 677 3663 formae
701 3602 904 3664 inducendae.

324 3703 454 3768 Contra.
478 3725 509 3788 7.
534 3705 680 3785 Metaplz.
717 3707 822 3770 forma
858 3729 923 3770 non
947 3717 1116 3790 generatur
1145 3699 1190 3764 nisi
