2634 4267
274 300 337 377 384
518 298 602 361 Lus:
617 299 647 366 11
671 299 968 364 Scnrsurranun

250 503 409 567 morbidae
432 524 499 566 non
524 514 651 579 manet;
675 526 756 587 ergo
782 526 842 568 nec
877 506 930 568 illa
957 508 1084 588 qualitas
1112 528 1183 567 nor·

249 610 334 677 bida.
360 648 403 657 -
428 610 525 673 Dices
549 612 639 692 quod
664 632 729 673 non
754 622 883 693 oportet
914 614 1003 695 quod
1026 613 1185 675 desemine

249 716 367 779 inlecto
392 726 562 799 generetur
587 716 743 780 infectum
767 719 851 781 sicut
886 721 927 782 de
961 721 1074 783 semine
1100 719 1186 801 patris

250 824 365 906 leprosi
390 834 562 907 generatur
598 846 716 905 corpus
752 826 926 906 leprosum.
970 826 1099 891 Contra:
1118 836 1186 887 tunc

250 932 300 993 leo
334 930 509 993 comedens
547 931 685 993 cadaver
720 930 861 994 hominis
900 934 1018 995 mortui
1050 932 1187 995 contrahit

250 1036 397 1100 fomitem
422 1037 446 1099 si
471 1057 528 1118 per
554 1047 587 1100 te
611 1038 652 1099 de
683 1037 803 1101 infecto
838 1050 1010 1121 generatur
1039 1038 1187 1111 infectum

249 1164 338 1227 ergo,
363 1144 516 1207 probatio
539 1145 778 1225 consequentiae,
803 1146 880 1227 quia
903 1146 982 1208 illud
1002 1148 1125 1226 cadaver
1147 1154 1190 1206 est

249 1250 405 1314 infectum
430 1250 561 1312 fomite:
580 1251 749 1333 probatur,
767 1252 845 1333 quia
865 1254 890 1314 si
907 1254 1102 1315 resuscitatur
1121 1253 1189 1314 sicut

250 1357 310 1421 suit
332 1359 374 1419 de
398 1358 524 1419 Lazaro
548 1357 657 1419 adhuc
681 1359 794 1420 anima
818 1359 908 1421 unita
942 1361 1029 1422 carni
1058 1360 1190 1421 inveniret

250 1485 382 1527 carnem
399 1464 551 1526 rebellem
568 1464 702 1546 spiritui,
720 1466 810 1545 quod
828 1486 893 1527 non
909 1476 993 1528 esset
1009 1467 1064 1528 nisi
1080 1475 1192 1548 propter

252 1570 413 1634 fomitem.

317 1784 411 1891 Eat(
438 1802 542 1867 erqo
576 1785 701 1851 aliua
734 1788 893 1852 modus
919 1786 1121 1869 ponendi,
1147 1785 1195 1846 sci-
1277 1785 1279 1812 ¹

251 1892 324 1955 licet
348 1893 438 1973 quod
462 1892 571 1953 anima
597 1891 761 1955 contrahit
794 1903 965 1975 peccatum
998 1894 1139 1975 originale
1157 1912 1193 1953 ex
1277 1967 1279 1982 Ι

251 1998 403 2080 eoquod
433 1999 483 2061 ille
514 2009 562 2060 est
597 1998 681 2061 filius
715 1998 806 2061 Adae
839 2010 871 2061 et
905 2001 1033 2063 debitor
1055 1998 1196 2081 originalis
1277 1987 1279 2012 '

249 2106 393 2186 justitiae.
419 2106 463 2167 Et
486 2106 531 2167 sic
555 2106 665 2168 anima
689 2105 852 2168 contrahit
869 2107 1026 2189 originale
1045 2116 1193 2188 peccatum
1277 2117 1279 2154 ῑ

254 2213 416 2274 mediante
439 2233 580 2286 carnem,
605 2233 671 2275 non
707 2233 764 2293 per
796 2214 987 2294 qualitatem
1024 2213 1196 2282 morbidam,

253 2320 309 2381 sed
333 2338 375 2381 ex
400 2317 462 2380 hoc
486 2320 576 2400 quod
600 2320 668 2400 ipse
691 2328 739 2382 est
760 2319 843 2381 lilius
867 2320 955 2383 Adae
973 2322 1065 2401 cujus
1079 2338 1197 2401 persona

253 2435 301 2487 est
325 2425 468 2487 debitrix
489 2425 652 2507 originalis
666 2426 810 2506 justitiae,
827 2435 859 2489 et
883 2426 927 2489 ita
950 2437 1038 2489 caret
1060 2447 1110 2501 ea;
1131 2444 1198 2505 ergo

256 2532 354 2594 habet
378 2532 532 2613 originale
555 2542 738 2613 peccatum.

322 2638 390 2701 Sed
410 2638 464 2700 lrr'c
485 2648 532 2700 est
565 2639 700 2701 dubium
735 2639 777 2700 de
810 2640 1004 2703 auctoritate
1038 2636 1197 2721 Augustini

253 2745 292 2807 de
316 2746 397 2807 Fide
419 2746 466 2807 ad
498 2745 644 2817 Petrum,
670 2746 760 2826 quod
794 2744 883 2807 illam
920 2748 1080 2810 maculam
1112 2754 1199 2807 trans-
1277 2766 1279 2792 ³

255 2850 369 2914 fundat
394 2852 502 2914 libido.
529 2852 589 2913 Ait
612 2854 699 2914 enim
724 2852 784 2914 sic:
811 2852 900 2932 Quia
933 2854 1015 2915 dum
1050 2854 1106 2916 sibi
1135 2849 1201 2911 invi·
1277 2893 1279 2896 -

254 2979 325 3020 cem
350 2959 398 3019 vir
421 2968 453 3020 et
478 2959 591 3020 mulier
616 2959 791 3020 miscentur
821 2960 889 3022 sine
920 2960 1051 3023 libidine
1081 2965 1202 3023 nonest
1277 2979 1278 2982 ¹

256 3075 427 3147 parentum
463 3066 665 3139 concubitus
702 3066 746 3127 ob
781 3065 844 3127 hoc
875 3066 1016 3129 filiorum
1040 3090 1082 3130 ex
1103 3083 1199 3129 eorum
1277 3085 1279 3118 ;

256 3193 351 3234 carne
375 3173 536 3234 nascendo
560 3189 625 3233 non
650 3181 758 3253 potest
792 3172 859 3234 sine
894 3184 1030 3255 peccato
1052 3195 1118 3237 esse
1137 3191 1200 3233 con·
1277 3188 1279 3211 ³

256 3288 387 3360 ceptus;
424 3278 478 3340 ubi
513 3279 640 3339 videtur
676 3280 766 3359 quod
794 3291 965 3360 peccatum
1002 3281 1035 3343 in
1069 3278 1201 3362 parvulos

257 3406 322 3447 non
346 3386 535 3447 transmittit
559 3386 753 3466 propagatio
784 3386 840 3447 sed
871 3368 981 3449 libido.
1005 3424 1050 3434 -
1074 3390 1200 3466 Respon·
1277 3379 1279 3410 ³

257 3494 352 3553 detur
375 3494 465 3573 quod
490 3492 589 3553 libido
613 3492 655 3553 ibi
680 3494 818 3555 sumitur
842 3514 902 3574 pro
926 3496 1068 3557 carentia
1087 3490 1201 3575 justitia
1277 3545 1279 3566 ,

258 3598 420 3677 originalis
445 3599 476 3658 in
506 3598 806 3679 propagationibus,
842 3621 918 3680 quae
953 3610 1001 3662 est
1036 3622 1130 3664 causa
1151 3596 1201 3659 libi·
1277 3585 1279 3664 ζ

234 3702 341 3795 *dinis
365 3702 396 3761 in
421 3712 495 3763 actu
521 3705 735 3784 propagandi.
761 3707 797 3767 In
821 3715 907 3768 statu
924 3708 1012 3770 enim
1030 3704 1201 3771 innocentia
