2634 4267
328 281 515 343 Drsrnrcr.
540 281 619 344 VIII
644 279 789 362 Quasi.
816 283 846 345 II
1017 300 1076 345 201

132 492 207 546 tum
234 484 314 566 quia
337 486 470 566 quando
493 486 635 568 disparet
658 487 724 549 tale
738 493 852 569 corpus
876 508 942 550 non
958 497 1104 550 remanet

130 591 227 653 locus
253 591 325 653 talis
349 593 502 673 corporis,
526 594 616 675 quod
641 614 707 655 non
736 603 819 656 esset
842 595 867 656 si
899 593 1010 657 luisset
1034 615 1105 676 per-

129 695 219 760 fecte
247 699 401 762 mixtum,
426 699 471 762 Et
493 700 519 761 si
542 701 631 762 dicas
654 701 792 781 qualiter
823 710 931 782 potest
947 700 1010 764 hoc
1034 700 1102 764 fieri

132 812 170 866 ut
186 805 258 867 tale
281 826 401 887 corpus
423 805 590 881 formetur,
615 807 690 869 dico
716 808 805 888 quod
823 808 958 889 angelus
981 809 1105 890 optime

132 911 233 974 novit
257 921 390 974 naturas
411 933 528 987 rerum,
550 923 583 975 et
606 914 651 976 sic
667 915 791 995 optime
803 914 1033 996 approximare
1056 935 1105 976 ac·

130 1017 204 1079 tiva
230 1019 366 1099 passivis
388 1028 421 1081 et
444 1019 476 1082 in
507 1020 713 1083 convenienti
741 1021 961 1102 proportione,
986 1021 1105 1108 quibus

132 1126 404 1206 proportionatis‚
429 1135 462 1188 et
476 1127 586 1190 debita
603 1127 770 1190 influentia
794 1137 942 1209 respectu
959 1129 1033 1190 coeli
1050 1149 1105 1209 po-

132 1230 199 1293 sita
225 1232 366 1295 habetur
389 1253 509 1314 corpus
530 1233 720 1315 imperfecte
745 1234 897 1296 mixtum.

216 1444 442 1530 Quantum
458 1447 524 1511 ad
542 1447 722 1512 tertium
747 1445 1001 1512 Artr‘oulum
1025 1467 1105 1529 prae-

133 1551 292 1614 termisso
322 1561 396 1614 actu
428 1552 632 1615 intellectivae
664 1553 823 1634 potentiae
848 1562 977 1634 oportet
995 1554 1106 1634 primo

137 1657 254 1720 videre
278 1658 319 1720 de
342 1667 415 1720 actu
441 1659 596 1740 potentiae
626 1659 769 1733 motivae,
799 1659 934 1721 secundo
963 1659 1003 1721 de
1031 1668 1104 1721 actu

137 1764 300 1843 potentiae
324 1765 494 1839 sensitivae,
519 1765 611 1828 tertio
634 1765 675 1827 de
698 1774 772 1827 actu
798 1765 951 1847 potentiae
975 1774 1105 1847 vegeta-

136 1871 229 1933 tivae.

212 1973 413 2062 Quantum
435 1974 626 2045 adactum
638 1975 814 2063 potentiae
837 1975 987 2044 muttire
1016 1987 1107 2059 patet

140 2105 200 2165 per
232 2105 348 2147 omnes
378 2085 468 2166 quod
499 2084 651 2171 Angelus
686 2094 794 2167 potest
826 2105 958 2148 movere
988 2105 1106 2166 corpus

141 2200 237 2254 motu
263 2191 355 2253 locali
377 2191 444 2254 sive
467 2192 681 2275 progressivo,
705 2201 738 2254 et
761 2191 823 2253 hoc
847 2191 913 2254 'sive
928 2212 1047 2272 corpus
1067 2192 1107 2252 sit

95 2359 98 2364 .
140 2306 351 2380 assumptum
375 2297 531 2361 sive-non
547 2308 769 2380 assumptum;
795 2298 852 2360 sed
873 2298 1043 2360 difficultas
1059 2307 1107 2361 est

141 2405 174 2468 in
200 2405 303 2467 modo
326 2405 479 2486 ponendi,
503 2426 544 2467 an
561 2405 681 2468 scilicet
698 2414 807 2468 movet
831 2426 888 2486 per
911 2405 1106 2467 intellectum

140 2522 175 2575 et
206 2513 419 2584 voluntatem,
446 2521 575 2595 anper
610 2512 790 2594 potentiam
824 2512 1037 2576 executivam.
1063 2511 1107 2573 Et

142 2620 260 2681 dicunt
282 2618 464 2681 Themista·
498 2619 589 2699 quod
612 2639 679 2681 non
712 2627 822 2708 movet
845 2639 902 2700 per
926 2619 1105 2700 potentiam

142 2725 365 2799 executivam,
390 2725 467 2807 quia
489 2726 522 2786 in
545 2725 664 2806 angelo
692 2745 757 2787 non
782 2724 913 2806 ponitur
936 2725 1108 2786 executiva

142 2832 236 2915 quod
260 2824 418 2913 prohatur
854 2845 857 2850 '

209 2937 329 3001 Primo
351 2929 410 3000 sic:
437 2928 521 3018 Quae
554 2938 809 3019 multiplicantur
840 2938 872 2999 in
906 2936 1108 3000 inferioribus

142 3045 304 3108 uniuntur
327 3030 362 3105 in
382 3044 601 3125 superioribus
624 3044 707 3106 sicut
730 3053 820 3125 patet
844 3044 885 3106 de
909 3044 1060 3107 sensitiva
1076 3052 1108 3104 et

141 3150 341 3215 intellectiva
355 3171 430 3231 quae
447 3150 694 3233 distinguuntur
707 3151 739 3212 in
754 3150 895 3224 homine,
913 3159 945 3212 et
961 3150 992 3211 in
1009 3171 1108 3231 ange-

141 3259 174 3322 lo
198 3257 334 3342 ponitur
349 3265 478 3320 tantum
502 3257 696 3332 intellectus;
713 3278 788 3319 curn
813 3277 892 3339 ergo
909 3257 1009 3318 virtus
1032 3256 1109 3319 voli-

139 3366 211 3428 tiva
226 3373 261 3427 et
274 3363 397 3426 motiva
408 3363 654 3446 distinguuntur
678 3364 709 3425 in
724 3363 856 3425 homine
880 3372 916 3425 ut
928 3363 1002 3424 duae
1016 3363 1107 3436 vires,

140 3473 174 3535 in
198 3470 321 3552 angelo
344 3478 438 3532 erunt
469 3479 627 3550 tanquam
652 3490 718 3531 una
740 3470 797 3543 vis,
831 3490 906 3550 quae
930 3478 979 3532 est
1007 3469 1108 3531 virtus

140 3577 280 3642 volitiva
303 3584 336 3638 et
351 3575 513 3658 imperans
535 3585 568 3638 et
590 3596 766 3657 exequens.
970 3580 973 3586 '

213 3682 362 3747 Secundo
384 3682 442 3745 sic:
467 3682 527 3744 ista
550 3682 698 3764 potentia
722 3682 893 3744 executiva
917 3681 941 3743 si
966 3681 1108 3764 ponitur,
