2634 4267
268 262 455 323 Drsnucr.
480 260 593 323 XVIII
617 258 765 340 Qunam.
790 262 820 324 II
977 276 1038 341 295

97 437 243 542 falsum3
268 486 348 548 ergo
371 475 404 528 et
426 466 621 528 antecedens.
646 465 799 528 Probatio
826 469 1065 548 consequentiae,

93 572 178 653 quia
202 572 229 633 si
253 572 434 635 intellectus
468 573 702 654 multiplicatur
736 582 815 635 tunc
847 583 930 635 esset
954 574 1005 636 hic
1037 585 1071 637 et

91 699 197 752 nunc,
231 688 264 740 et
286 700 324 740 ea
355 700 430 760 quae
465 688 541 741 sunt
568 680 599 740 in
636 680 798 741 intellectu
834 690 940 742 essent
964 680 1014 743 hic
1038 691 1070 744 et

89 791 206 861 nunc}
230 786 286 846 secl
309 806 348 847 ea
370 807 445 867 quae
469 795 545 848 sunt
574 785 625 847 hic
649 794 682 847 et
705 807 802 861 nunc,
826 797 902 848 sunt
925 788 1072 870 intelligi-

92 892 176 954 bilia
200 892 235 953 in
259 892 420 973 potentia;
445 913 534 975 ergo.

170 997 298 1073 Quarto
322 998 389 1060 sic:
415 999 440 1061 si
464 998 644 1062 intellectus
667 1009 750 1062 esset
786 1000 1026 1082 multiplicatus,
1052 1002 1072 1062 i-

94 1106 179 1167 dem
205 1114 353 1167 moveret
376 1105 529 1187 seipsum,
553 1106 630 1187 quia
665 1105 846 1167 intellectus
869 1107 900 1167 in
926 1108 1072 1188 potentia

92 1221 213 1273 movet
237 1212 480 1293 intelligentem.
506 1212 539 1276 Si
563 1233 642 1294 ergo
675 1212 853 1275 intellectus
877 1223 925 1275 est
956 1216 987 1276 in
1013 1236 1069 1296 po-

91 1319 203 1381 tentia
227 1318 313 1379 idem
337 1318 517 1381 intellectus
541 1329 652 1380 movet
675 1319 829 1400 seipsum.

170 1423 293 1500 Quinte
328 1425 388 1487 sic:
425 1427 514 1507 quod
549 1426 701 1508 recipitur
724 1426 757 1487 in
781 1427 890 1507 aliquo
917 1428 1070 1509 recipitur

93 1554 158 1614 per
184 1532 323 1593 modum
341 1533 538 1614 recipientis3
564 1534 619 1594 sed
636 1533 668 1594 in
685 1533 847 1594 intellectu
873 1554 947 1595 meo
964 1543 996 1596 et
1012 1544 1071 1597 tuo

93 1638 225 1721 species
259 1648 389 1719 recepta
411 1648 459 1700 est
483 1659 566 1713 una;
591 1660 671 1720 ergo
695 1639 874 1701 intellectus
898 1650 946 1702 est
976 1662 1069 1704 unus.

94 1745 257 1807 Probatio
282 1746 444 1818 me‘noris,·
470 1766 546 1807 nam
582 1745 736 1826 possibile
760 1754 808 1807 est
839 1747 928 1827 quod
952 1768 1015 1829 ego
1039 1758 1071 1810 et

95 1862 136 1913 tu
163 1852 385 1933 intelligamus
419 1853 578 1933 lapidem3
602 1861 664 1937 aut.
695 1874 774 1933 ergo
799 1852 862 1914 hoc
885 1862 934 1915 est
958 1874 1013 1933 per
1038 1876 1071 1915 u·

102 1979 184 2019 nam
203 1958 353 2039 speciem,
370 1968 403 2020 et
419 1958 557 2020 habetur
581 1959 803 2039 propositum;
821 1968 878 2027 aut
894 1980 950 2040 per
974 1961 1070 2021 aliam

97 2074 133 2126 et
146 2065 245 2126 aliam
258 2086 264 2142 ;
279 2066 303 2126 si
328 2065 383 2145 sic,
408 2086 484 2126 cum
497 2065 566 2126 istae
580 2066 702 2146 species
718 2065 866 2127 differant
880 2086 1016 2128 numero
1039 2077 1072 2129 et

100 2173 304 2234 conveniant
319 2172 351 2233 in
374 2172 490 2252 specie,
515 2180 572 2232 aut
599 2181 848 2253 cognosceretur
873 2172 1069 2252 inquantum

100 2280 228 2363 species
241 2300 298 2358 per
311 2299 410 2340 unam
423 2278 564 2358 speciem
577 2287 608 2339 et
622 2278 759 2339 habetur
780 2282 995 2360 propositum,
1013 2290 1071 2342 aut

102 2409 163 2470 per
186 2385 284 2447 aliam
308 2394 340 2446 et
362 2385 469 2459 aliam,
504 2384 604 2446 etsie
628 2384 660 2445 in
697 2384 880 2463 infinitum;
916 2387 1069 2447 standum

98 2516 182 2576 ergo
205 2491 267 2553 suit
289 2471 329 2553 in.
346 2492 466 2573 primis,
492 2492 640 2553 videlicet
665 2493 754 2572 quod
790 2514 846 2573 per
871 2514 970 2556 unam
996 2514 1067 2574 spe-

101 2602 188 2664 ciem
212 2607 440 2680 cognoscatur.
849 2596 850 2601 ’

174 2702 224 2774 Ut
243 2708 369 2771 autem
393 2702 524 2791 magis
546 2708 734 2789 appareat
755 2707 871 2787 positio
897 2707 965 2780 ista,
991 2716 1066 2767 sunt

100 2814 155 2876 hic
173 2814 242 2875 duo
258 2812 501 2874 consideranda.
518 2812 634 2874 Primo
650 2814 821 2892 quomodo
845 2813 995 2874 differant
1011 2812 1071 2875 sor-

100 2941 166 2982 mae
191 2917 421 2981 intentionales
443 2926 476 2980 et
500 2919 609 2980 reales
636 2918 791 2992 Secunde,
816 2920 985 2999 quomodo
1010 2918 1070 2981 dis-

100 3027 210 3089 serant
233 3035 348 3087 natura
371 3025 547 3105 corporalis
570 3035 602 3086 et
626 3025 809 3105 spiritualis

169 3134 309 3213 Propter
324 3131 484 3213 primurn,
509 3141 587 3193 nota
610 3132 703 3211 quod
728 3131 843 3193 formae
880 3133 1072 3194 intentiona-

101 3241 147 3302 les
163 3259 231 3301 non
257 3246 469 3300 numerantur
485 3238 527 3298 ad
552 3238 810 3299 numerationem
836 3239 1069 3318 subjectorum,

102 3347 180 3429 quia
204 3345 282 3406 alias
308 3365 372 3406 non
397 3353 528 3425 possent
551 3346 740 3425 esseplures
764 3344 879 3406 lormae
905 3346 937 3407 in
955 3346 1069 3407 eadem

102 3462 196 3535 parte
221 3451 327 3513 medii.
363 3488 407 3495 —
431 3452 523 3524 ltem,
549 3472 614 3513 non
647 3452 871 3514 extenduntur
895 3453 935 3513 ad
959 3461 1072 3513 exten·

102 3560 228 3622 sionem
263 3558 409 3638 subjecti,
445 3558 610 3639 quianon
645 3559 828 3620 educuntur
860 3559 901 3620 de
925 3557 1070 3639 potentia

101 3666 266 3741 materiae3
291 3663 405 3725 formae
428 3673 539 3726 autem
556 3665 654 3726 reales
678 3665 861 3726 educuntur
885 3665 925 3726 de
950 3672 1066 3746 poten·
