2634 4267
473 289 550 354 52
953 275 1102 337 LIB.
1151 275 1211 336 ΙΙ
1260 272 1844 337 SENTENTIARUM

548 480 664 542 Ad
701 479 1050 541 secundum
1084 478 1231 541 dico
1277 478 1458 559 quod
1493 478 1641 540 licet
1672 487 1968 539 creatura
2004 499 2132 539 non
2168 479 2353 539 adae*

412 596 576 669 quat
623 586 982 669 potentiam
1033 585 1156 647 Dei
1205 585 1269 646 in
1317 605 1474 658 esse,
1534 584 1840 666 adaequat
1904 595 2124 647 tamen
2197 607 2349 647 earn

416 694 481 756 in
531 694 730 756 modo
777 691 1199 774 producendi,
1247 691 1401 773 quia
1447 691 1590 753 talis
1648 691 1880 755 modus
1940 695 2349 775 producendi

419 820 551 862 non
601 799 915 880 competit
960 798 1148 860 alicui
1195 797 1417 859 virtuti
1466 796 1688 860 finitae.

553 907 671 969 Ad
712 906 973 968 tertium
1023 913 1238 986 potest
1285 905 1507 987 negari
1579 905 1808 987 majora
1884 907 2036 987 quia
2100 907 2353 967 facilius

419 1023 519 1076 est
548 1014 876 1076 destruere
907 1031 1108 1094 quam
1142 1021 1550 1086 construere3
1584 1011 1711 1073 alio
1756 1015 1952 1072 modo
1988 1023 2205 1091 potest
2237 1035 2353 1075 ne-

421 1120 558 1203 gari
609 1119 837 1182 minor.
886 1118 1002 1181 Ad
1038 1118 1335 1199 primam
1379 1118 1836 1198 probationem,
1872 1139 2020 1179 cum
2072 1119 2349 1179 dicitur:

423 1227 659 1309 Agens
720 1233 1010 1287 creatum
1060 1233 1275 1306 potest
1323 1224 1603 1286 totaliter
1674 1225 2000 1287 destruere
2064 1223 2349 1287 sormam

422 1331 805 1406 naturalem,
853 1332 1000 1394 dico
1031 1331 1212 1412 quod
1258 1331 1379 1393 ista
1425 1331 1780 1393 destructio
1828 1351 1956 1391 non
2012 1343 2108 1391 est
2172 1335 2353 1392 anni-

424 1439 669 1511 hilatio,
719 1438 871 1520 quia
918 1458 1048 1500 non
1096 1437 1388 1500 excludit
1434 1457 1701 1500 omnem
1756 1439 2202 1499 causalitatem
2257 1439 2353 1499 in—

421 1547 788 1619 trinsecam,
839 1554 912 1606 ut
958 1543 1387 1606 declarabitur
1433 1542 1597 1605 infra
1645 1544 1728 1605 de
1768 1543 2124 1607 rationibus
2159 1547 2353 1607 semi-

423 1652 694 1716 nalibus,
770 1650 1067 1714 Secunda
1129 1651 1325 1713 etiam
1375 1650 1673 1731 probatio
1735 1671 1864 1712 nnn
1936 1655 2128 1723 valet,
2197 1655 2357 1731 quia

422 1759 690 1841 quando
739 1757 939 1819 homo
987 1767 1212 1839 peccat
1259 1757 1613 1819 mortaliter
1661 1777 1792 1819 non
1840 1759 2156 1819 annihilat
2213 1759 2357 1839 ipse

425 1866 720 1948 gratiam,
770 1865 882 1926 sed
944 1873 1041 1926 est
1087 1884 1282 1926 causa
1343 1864 1772 1935 demeritoria‚
1836 1875 2104 1944 propter
2168 1867 2357 1947 quud

423 1971 813 2035 demeritum
865 1973 1046 2033 Deus
1093 1990 1223 2032 non
1272 1977 1611 2031 conservat
1659 1971 1956 2052 gratiam÷
2008 1983 2068 2031 et
2104 1971 2197 2031 sir:
2241 1991 2357 2035 an-

426 2077 748 2140 nihilatur.

558 2185 675 2247 Ad
715 2185 1021 2247 ultimum
1069 2194 1259 2246 teneo
1323 2183 1467 2257 hoe,
1532 2187 1888 2246 secundum
1956 2183 2357 2255 Varronem*

427 2313 547 2373 pro
595 2291 836 2373 regula,
886 2292 1064 2373 quod
1114 2291 1366 2352 nullum
1416 2290 1916 2352 instrumentum
1968 2291 2241 2371 alicujus
2293 2315 2357 2351 a·

427 2399 637 2480 gentis
684 2406 898 2479 potest
943 2418 1080 2459 esse
1128 2398 1632 2459 instrumentum
1681 2399 1764 2459 ad
1812 2399 2201 2459 eliciendum
2253 2419 2361 2459 ac*

424 2514 567 2566 tum
616 2505 726 2586 qui
775 2513 1097 2585 repugnet
1142 2512 1392 2565 naturae
1440 2503 1582 2564 talis
1630 2503 2056 2567 instrumenti.
2100 2507 2353 2567 Emm-

414 2611 605 2691 plum
655 2611 736 2672 de
783 2611 992 2672 calido
1039 2610 1218 2691 quod
1282 2630 1413 2671 non
1485 2618 1700 2691 potest
1764 2631 1896 2671 esse
1960 2611 2358 2671 instrumen-

424 2728 570 2780 tum
619 2718 682 2779 in
732 2716 1189 2799 frigefactione.
1241 2717 1331 2777 Et
1377 2716 1529 2797 quia
1575 2736 1788 2779 creare
1836 2727 1932 2779 est
1988 2719 2136 2779 talis
2180 2719 2357 2779 actio

429 2844 580 2905 quae
629 2832 951 2905 repugnat
997 2824 1116 2904 ipsi
1164 2832 1495 2897 creaturae,
1546 2823 1693 2885 ideo
1756 2847 1884 2887 non
1952 2835 2168 2903 potest
2217 2847 2363 2887 esse

427 2932 935 2992 instrumentum
984 2930 1047 2991 in
1097 2930 1439 2992 creatione.

1128 3126 1480 3208 QUAESTIO
1530 3126 1647 3187 VI.

664 3269 902 3332 Ultimo
947 3269 1271 3350 quaeritur
1326 3268 1396 3331 in
1445 3269 1574 3331 ista
1637 3268 2076 3331 Dimuri-simei?
2096 3295 2120 3331 .-

702 3427 915 3483 Utrum
951 3427 1189 3494 angelus
1225 3429 1284 3481 et
1320 3427 1515 3481 anima
1558 3426 1828 3481 differant-
1876 3427 2076 3495 εῃεῑε-Ιε,

564 3573 840 3635 Videtur
887 3573 1066 3653 quod
1114 3592 1266 3633 non.
1317 3590 1377 3635 Ι.
1430 3570 1602 3652 Quia
1650 3572 1880 3635 formai
1936 3575 2365 3655 distinguun-

427 3688 536 3741 tur
584 3700 697 3760 per
743 3687 945 3753 actuS,
993 3687 1176 3740 actus
1223 3698 1338 3759 per
1386 3678 1644 3759 objecta
1688 3701 1772 3741 ex
1816 3699 1876 3743 ,2-
1928 3679 2004 3743 εἰεῑ
2064 3683 2361 3763 Arsinna
