2634 4267
263 325 285 387 6
512 323 586 385 Lm.
612 322 640 384 II
666 321 959 385 SENTENTIARUM

240 538 346 591 trema
361 528 513 590 distantia
524 528 556 589 in
573 525 737 589 infinitum
753 526 835 589 sicut
851 535 926 588 sunt
938 546 995 588 ens
1011 534 1043 587 et
1055 525 1143 590 nihil.
1157 562 1211 573 -

241 635 306 699 Sed
330 635 389 697 ista
413 635 494 697 ratio
518 632 626 695 deficit
650 634 757 715 primo
780 633 812 695 in
835 633 1044 707 antecedente,
1069 632 1146 714 quia
1169 632 1211 695 ili-

242 741 298 804 lud
321 751 369 803 est
392 740 623 803 tantummodo
647 740 825 825 creditum3
854 739 998 802 secundo
1035 738 1145 802 deficit
1168 739 1202 802 in

241 848 432 931 probatione
455 848 694 929 consequentia,
719 846 796 928 quia
819 867 876 909 ens
899 855 1044 910 creatum
1072 854 1104 908 et
1121 845 1200 908 nihil

242 975 308 1017 non
331 955 452 1016 distant
475 954 508 1015 in
532 952 705 1016 infinitum.
732 951 832 1033 Quod
856 953 961 1034 probo
977 952 1039 1015 sic:
1058 952 1213 1034 Quando

242 1061 324 1124 inter
347 1061 455 1142 aliqua
478 1046 626 1123 extrema
649 1080 716 1122 non
739 1069 787 1122 est
810 1060 962 1122 distantia
1001 1060 1118 1134 media,
1146 1060 1214 1121 sed-

242 1168 312 1250 ipsa
335 1167 445 1249 seipsis
468 1167 723 1248 distinguuntur,
747 1176 818 1228 tota
840 1166 992 1228 distantia
1015 1166 1112 1228 debet
1151 1187 1215 1229 ac·-

244 1274 306 1356 cipi
330 1256 386 1355 per
410 1274 688 1355 comparationem
716 1273 758 1335 ad
797 1272 968 1354 perfectius
1006 1282 1216 1335 extremum..

246 1381 445 1462 Exemplum
469 1380 510 1443 de
534 1380 607 1441 Deo
630 1388 663 1441 et
686 1389 841 1453 creatura,
866 1379 921 1441 ubi
945 1379 1100 1460 accipitur
1124 1380 1216 1441 ratio·

247 1487 408 1550 distantiae
433 1508 490 1569 per
514 1486 792 1567 comparationem
816 1486 858 1547 ad
882 1486 1001 1548 Deum.
1028 1486 1093 1549 Sed
1123 1487 1220 1549 inter·

246 1615 303 1657 ens
327 1602 471 1656 creatum
495 1602 528 1655 et
550 1592 627 1655 nihil
652 1614 717 1655 non
741 1602 789 1655 est
812 1592 963 1655 distantia
1002 1592 1117 1666 media,
1149 1593 1210 1655 sed

245 1700 317 1783 ipsa
339 1701 450 1782 seipsis
474 1700 734 1781 distinguuntur3
751 1720 830 1781 ergo
858 1708 927 1761 tota
944 1699 1094 1761 distantia
1109 1698 1220 1761 debett

245 1808 347 1889 accipi
371 1828 428 1889 per
451 1806 729 1888 comparationem
753 1806 795 1867 ad
818 1804 990 1887 perfectius
1019 1815 1219 1868 extremum.

246 1914 329 1977 idest
352 1915 393 1976 ad
417 1934 474 1977 ens
490 1922 644 1975 creatum.
663 1912 727 1975 Sed
750 1932 808 1974 ens
835 1922 980 1974 creatum
996 1922 1044 1974 est
1060 1911 1218 1990 finitum;·

250 2041 330 2103 ergo
353 2021 434 2082 inter
458 2040 515 2081 ens
538 2028 570 2081 et
594 2018 671 2080 nihil
695 2027 743 2079 est
766 2018 918 2080 distantia
940 2017 1039 2080 finita.

322 2126 426 2189 Tertio
443 2126 602 2207 probatur
623 2126 733 2187 eadem
761 2123 925 2188 Conclusio
953 2146 1010 2205 per
1048 2125 1217 2187 rationems

249 2232 437 2313 Philosophi
457 2251 490 2311 5.
515 2231 616 2312 Plzys.
641 2240 675 2293 et
698 2248 750 2293 12.
775 2229 922 2311 Metaple.
947 2232 1004 2293 sic:
1028 2230 1128 2311 Quod
1141 2252 1222 2294 mo·-

250 2350 306 2402 vet
329 2348 421 2401 motu
445 2337 571 2400 infinito
595 2337 694 2400 habet
734 2338 913 2419 potentiam
952 2337 1128 2417 infinitam;
1152 2339 1221 2400 sed.

248 2446 391 2528 primum
415 2465 471 2506 ens
496 2453 606 2506 movet
631 2452 722 2506 motu
747 2442 891 2524 infinito;
914 2465 993 2526 ergo
1017 2444 1115 2506 habet
1153 2465 1221 2525 po

248 2552 383 2614 tentiam
407 2549 576 2612 infinitam.
600 2586 644 2597 -
669 2550 733 2613 Sed
757 2571 817 2612 nec
848 2551 900 2612 illa
924 2551 1004 2612 ratio
1032 2551 1218 2625 concludit„

248 2659 354 2740 primo
378 2658 454 2739 quia
470 2656 586 2738 accipit
602 2656 758 2718 retinerem
775 2656 898 2729 falsam,
917 2657 993 2738 quia
1016 2677 1082 2718 non
1097 2668 1218 2721 movet·

250 2773 341 2827 motu
366 2763 501 2838 infinito,
527 2772 563 2825 ut
586 2772 697 2825 nostra
720 2762 800 2825 fides
822 2772 920 2825 tenet.
946 2762 1107 2836 Secund0,
1132 2765 1216 2844 quia

249 2891 306 2953 per
329 2871 436 2952 ipsum
461 2869 697 2951 Philosophum
722 2888 751 2931 Ι.
778 2868 910 2943 Eleia,
935 2890 978 2931 ex
1003 2869 1117 2949 majori
1148 2870 1220 2932 du·-

250 2978 372 3039 ratione
395 2997 460 3038 non
484 2975 630 3057 arguitur
655 2976 759 3056 major
783 2975 946 3057 perfectio,
971 2977 1047 3058 quia
1071 2996 1137 3037 non
1161 2988 1221 3039 est:

250 3083 419 3166 perfectior
442 3082 558 3145 albedo
582 3104 658 3163 quae
673 3084 769 3144 durat
785 3104 842 3164 per
880 3083 993 3145 decem
1017 3082 1085 3145 dies
1108 3104 1220 3163 quam.

251 3210 326 3272 quae
349 3189 444 3251 durat
468 3210 524 3271 per
548 3210 651 3251 unum
675 3198 814 3251 tantum.
1299 3260 1301 3276 i

318 3296 392 3358 Ideo
414 3297 462 3358 ad
482 3296 577 3358 illam
607 3294 846 3359 Conclusienem
870 3297 1032 3358 adducam
1049 3295 1126 3357 alias
1143 3317 1221 3377 per·
1299 3307 1301 3382 J

252 3403 416 3465 suasiones
439 3423 521 3484 quas
545 3403 637 3484 ponit
662 3402 780 3466 Scotus
803 3403 874 3467 Lib.
899 3421 930 3464 1.
954 3403 1030 3465 dist.
1053 3422 1084 3464 2.
1117 3424 1146 3483 q.
1179 3423 1212 3467 Ι.

252 3508 298 3571 Et
321 3529 471 3590 suppono
496 3509 602 3590 primo
633 3509 733 3570 modo
771 3509 861 3589 quod
899 3509 1077 3571 intellectus
1115 3508 1219 3589 primi'

251 3614 333 3677 entis
357 3614 505 3696 intelligit
528 3615 680 3677 distincto
703 3623 777 3676 actu
809 3615 1029 3697 quodcunque
1067 3615 1217 3697 intelligi-

246 3720 324 3784 bile.
339 3722 411 3784 Hoc
428 3722 621 3804 supponitur
634 3721 808 3804 probatum
826 3721 897 3784 Lib.
915 3740 945 3784 Ι.
958 3722 1035 3783 dist.
1048 3720 1104 3801 36.
1118 3722 1222 3787 Tune
