2634 4267
264 266 324 327 108
504 262 578 326 Lm.
603 263 633 325 11
658 261 952 326 San'rnn'rmnun

237 469 299 532 ties
325 469 442 531 dicitur
468 488 572 531 unum
588 468 815 550 oppositorum
832 468 927 532 toties
944 468 1060 531 dicitur
1092 479 1126 533 et
1142 471 1205 533 reli·
1284 519 1285 522 η

236 596 342 657 quum
365 597 407 638 ex
430 594 460 638 Ι.
491 575 593 656 Topic.
618 575 683 638 Ista
706 574 816 636 omnia
840 575 1021 656 probantur
1045 596 1104 657 per
1127 576 1204 640 Avi·

235 702 374 744 cennam
394 699 429 766 5.
454 680 601 763 Metaplz.
619 681 675 743 ubi
702 681 780 743 dicit
802 681 864 743 sic:
889 681 914 743 si
931 681 1004 763 quis
1027 682 1205 765 interrogat

236 809 297 850 nos
319 788 361 852 de
383 788 560 870 equinitate
571 787 651 869 quid
663 787 712 862 sit,
737 787 1008 869 respondebImus
1029 788 1121 869 quod
1138 789 1205 871 ipsa

234 903 284 957 est
306 895 467 977 equinitas
489 897 628 967 tantum,
666 914 725 957 nec
748 894 873 976 plures,
905 915 964 956 nec
987 915 1062 968 una,
1089 915 1150 958 nec
1173 917 1204 957 u·
1287 915 1290 940 =

236 1001 409 1076 niversalis‚
434 1021 493 1064 nec
509 1001 718 1083 particularis.
744 1001 788 1063 Et
804 999 886 1063 infra
909 1001 1025 1063 clarius
1049 1001 1129 1064 dicit
1144 1002 1201 1064 sic:

236 1127 398 1189 ponemus
421 1109 462 1170 de
485 1107 689 1171 humanitate
712 1107 793 1169 duas
820 1107 1113 1170 considerationes:
1140 1109 1204 1190 pri-

236 1235 326 1277 mam
349 1214 391 1277 de
407 1215 476 1296 ipsa
492 1214 672 1277 secundum
689 1214 779 1296 quod
802 1222 850 1276 est
866 1213 954 1296 ipsa;
972 1214 1060 1276 unde
1084 1214 1110 1276 si
1134 1215 1204 1296 quis

235 1321 449 1407 interrogaret
473 1342 532 1384 nos
555 1342 597 1383 an
622 1320 810 1383 humanitas
833 1342 908 1402 quae
933 1330 981 1384 est
1004 1321 1036 1383 in
1068 1321 1203 1384 Platone

234 1448 279 1490 ex
303 1428 365 1490 hoc
388 1428 478 1510 quod
501 1436 550 1490 est
572 1427 769 1502 humanitas
794 1428 835 1491 sit
858 1427 919 1490 alia
942 1428 985 1490 ab
1007 1448 1139 1510 eaquae
1156 1437 1203 1492 est

235 1534 269 1596 in
292 1543 387 1609 sorte,
412 1535 558 1597 dicemus
580 1534 671 1617 quod
694 1555 771 1608 non,
796 1555 855 1597 nec
879 1534 1042 1617 oportebit
1071 1556 1202 1598 consen·

234 1641 295 1703 tire
318 1641 346 1703 ei
363 1650 399 1703 ut
413 1641 501 1717 dico;
514 1662 593 1723 ergo
617 1640 690 1702 haec
712 1649 745 1703 et
768 1640 821 1702 illa
837 1650 913 1704 sunt
926 1662 1029 1703 unum
1054 1662 1200 1704 numer0.

220 1767 222 1771 ’
304 1747 364 1810 Ad
386 1757 584 1830 argumenta
607 1746 737 1810 alterius
760 1747 929 1829 opinionis.
959 1748 1017 1810 Ad
1038 1748 1200 1828 primum,

239 1854 313 1916 dico
336 1854 426 1936 quod
450 1855 557 1936 major
578 1863 628 1917 est
651 1853 740 1928 falsa,
764 1853 840 1935 quia
871 1854 1006 1916 nonita
1037 1875 1071 1916 se
1104 1854 1200 1917 habet

235 1961 455 2023 communitas
478 1969 603 2023 naturae
635 1970 729 2022 extra
761 1959 959 2023 intellectum
983 1969 1016 2022 et
1048 1961 1154 2024 unitas
1169 1961 1199 2023 in

236 2087 279 2140 re,
304 2088 381 2130 nam
405 2067 512 2129 unitas
544 2067 636 2129 realis
667 2066 851 2130 communis
874 2076 923 2129 est
953 2065 1075 2148 aliquid
1107 2076 1200 2130 extra

234 2173 444 2246 intellectum,
468 2194 537 2237 esse
559 2195 637 2237 vero
661 2173 693 2235 in
722 2173 831 2235 anima
862 2193 928 2235 non
951 2181 1001 2236 est
1024 2173 1083 2236 nisi
1115 2194 1201 2236 com·

234 2270 403 2361 paratione
426 2280 615 2342 intellectus.
639 2316 684 2326 -
707 2281 796 2342 Nota
819 2279 921 2360 quod·
934 2273 1115 2342 universale
1135 2279 1200 2341 duo

234 2386 380 2449 includit.
405 2387 560 2449 Primum
583 2396 631 2449 est
659 2387 751 2468 quod
780 2386 980 2448 substratum
1012 2386 1200 2449 universalis

235 2514 302 2555 non
326 2494 367 2555 sit
391 2493 453 2554 hoc
476 2493 526 2555 vel
551 2493 639 2567 illud,
665 2493 721 2555 sed
744 2493 835 2574 quasi
852 2513 1028 2555 commune
1051 2502 1084 2555 et
1108 2491 1198 2555 indif-

233 2598 339 2662 ferens
362 2600 404 2661 ad
428 2607 601 2681 utrunque,
624 2608 657 2661 et
681 2599 743 2662 hoc
766 2608 815 2661 est
837 2599 929 2680 quasi
955 2599 1127 2662 materiale.
1147 2598 1200 2662 Se·

233 2707 387 2781 czmdum,
412 2705 546 2768 actualis
569 2706 680 2767 relatio
703 2727 803 2787 quam
828 2705 927 2768 habet
949 2705 992 2767 ad
1016 2706 1127 2768 omnia
1156 2706 1196 2769 de
1220 2721 1223 2726 ’

233 2813 354 2894 quibus
377 2813 502 2887 dicitur,
526 2822 558 2875 et
590 2812 663 2874 haec
685 2821 734 2874 est
764 2811 960 2893 completiva
990 2821 1024 2874 et
1055 2811 1199 2874 formalis
1297 2805 1298 2822 ¹

236 2919 317 2981 ratio
342 2919 537 2982 universalis.
563 2918 708 2981 Primum
726 2918 855 2981 habeta
871 2927 1001 3003 natura;
1018 2919 1199 2982 secundum

236 3024 335 3088 habet
358 3047 414 3107 per
437 3035 547 3088 actum
571 3025 760 3088 intellectus.
785 3024 877 3088 Licet
892 3045 972 3106 ergo
989 3033 1106 3087 natura
1128 3047 1199 3108 spe-

234 3130 327 3194 cifica
351 3131 469 3194 habeat
493 3132 632 3214 primam
656 3131 877 3194 conditionem
902 3131 1099 3207 universalis
1133 3153 1199 3194 non

234 3247 346 3301 tamen
370 3239 468 3301 habet
491 3239 668 3301 secundam
692 3259 766 3320 quae
790 3246 839 3300 est
862 3238 1059 3319 completiva
1079 3247 1113 3301 et
1137 3238 1199 3300 sor-

237 3345 329 3407 malis
352 3366 409 3427 per
432 3354 541 3407 actum
566 3344 754 3419 intellectus
779 3354 812 3407 et
835 3344 898 3406 hoc
920 3353 969 3406 est
999 3345 1089 3425 quod
1121 3345 1199 3408 dicit

235 3450 494 3527 Commentator,
518 3452 608 3533 quod
632 3451 811 3514 intellectus
838 3460 950 3514 causat
980 3451 1199 3515 universalita-

236 3566 305 3620 tem
329 3560 361 3622 in
386 3559 492 3621 rebus.
