2634 4267
261 294 323 341 100
515 273 589 341 Lm.
614 277 644 339 11
669 275 962 340 Saurrnrnnuu

1040 395 1174 404 ——..

234 483 357 565 pliciter
379 503 449 545 esse
470 482 601 545 bonam.
625 518 671 530 -
694 483 804 544 Potest
827 482 889 544 dici
912 482 1005 544 tertie
1029 484 1118 546 medo
1132 503 1181 565 per

233 589 419 652 instantiam
443 589 484 651 de
507 589 589 669 visu,
613 589 704 670 quod
727 587 807 650 visio
830 598 879 651 est
910 588 1136 663 immaterialiS,
1156 598 1184 651 et
1277 587 1278 592 ’

232 704 343 758 tamen
367 695 513 778 potentia
536 695 638 758 visiva
661 704 709 758 est
732 695 764 757 in
789 715 914 776 organo
939 696 1105 759 materiali.

299 803 358 865 Ad
376 803 550 865 secundum
574 802 648 864 dico
671 801 762 883 quod
785 802 920 883 angelus
943 810 991 864 est
1004 803 1187 865 immateria-

233 909 270 973 lis
293 929 350 991 per
373 918 555 990 respectum
578 908 621 970 ad
644 928 714 980 nos,
743 929 809 970 non
847 907 1042 989 simpliciter,
1082 918 1115 971 et
1150 910 1189 970 ita

138 996 141 1002 ¹
233 1015 381 1098 intelligit
404 1015 585 1095 Dionysius
607 1024 640 1077 et
669 1015 767 1076 etiam
792 1013 1009 1096 Philosophus
1033 1016 1069 1078 in
1093 1035 1123 1079 Ι.
1156 1016 1190 1078 de
1277 1037 1278 1040 ¹

228 1133 374 1206 generat.
399 1122 454 1184 ubi
477 1122 555 1184 dicit
577 1121 667 1202 quod
690 1123 774 1183 terra
797 1130 834 1183 ut
857 1131 1066 1202 comparatur
1101 1123 1142 1185 ad
1167 1123 1189 1183 i-

233 1249 332 1312 gnem
356 1237 405 1291 est
428 1249 494 1290 non
517 1248 584 1303 enS,
608 1227 758 1309 quamvis
781 1227 814 1289 in
837 1247 872 1290 se
894 1227 934 1290 sit
957 1248 1023 1289 ene.

298 1335 356 1397 Ad
376 1335 508 1397 tertium
532 1355 617 1416 nego
641 1334 837 1398 antecedens.
862 1333 920 1396 Ad
945 1335 1095 1418 primam
1120 1347 1190 1417 pre-

231 1441 390 1506 dationem
413 1441 530 1504 dicitur
560 1441 649 1522 quod
673 1440 755 1502 sicut
785 1440 891 1502 solum
921 1441 1142 1522 compositum
1164 1463 1191 1504 a·

232 1549 280 1632 git
302 1558 335 1611 et
358 1569 424 1610 non
448 1546 553 1609 forma
584 1567 644 1609 nec
668 1546 810 1620 materia,
843 1547 900 1609 sed
931 1557 1039 1610 totum
1072 1549 1191 1610 ratione

233 1655 376 1718 materiae
392 1664 425 1716 et
437 1653 562 1728 formae,
575 1653 619 1716 sic
636 1652 669 1715 in
683 1653 851 1734 proposito
875 1653 984 1716 anima
1007 1663 1078 1717 tota
1102 1655 1190 1717 infor-

232 1772 300 1826 mat
329 1782 447 1843 corpus
470 1761 593 1823 ratione
628 1781 695 1822 suae
732 1759 863 1840 iormae3
888 1760 977 1823 aliter
1002 1770 1111 1842 potest
1133 1763 1190 1824 dici

231 1870 320 1951 quod
333 1877 424 1931 actus
446 1877 479 1930 et
502 1866 656 1948 perfectio
681 1865 795 1928 formae
819 1866 936 1929 dicitur
952 1888 1009 1948 per
1026 1889 1191 1950 compara-

230 1977 352 2038 tionem
365 1975 407 2036 ad
419 1974 601 2055 appetitum
626 1973 780 2035 materiae.
805 1974 868 2035 Iste
897 1982 1007 2035 autem
1031 1977 1192 2056 appetitus

230 2084 281 2145 vel
305 2081 434 2144 excedit
456 2090 567 2143 actum
587 2079 688 2162 ipsius
711 2080 835 2154 sormae,
865 2081 916 2142 vel
939 2081 1120 2156 exceditur,
1145 2084 1190 2144 vel

230 2191 432 2271 adaequatur.
457 2187 491 2252 Si
526 2188 703 2259 exceditur,
732 2187 776 2248 sic
800 2207 865 2249 non
890 2197 997 2268 potest
1020 2187 1192 2251 informare

230 2295 327 2358 aliam
356 2294 533 2381 materiam,
570 2294 627 2356 sed
662 2294 778 2356 accidit
812 2294 986 2375 corrupti0;
1022 2294 1057 2381 si
1083 2305 1190 2358 autem

229 2403 432 2482 adequatur,
456 2401 501 2463 sic
513 2410 561 2463 est
584 2401 615 2462 in
632 2401 822 2481 corporibus
845 2401 1143 2482 supercoelestibus3
1167 2402 1190 2464 si

229 2517 339 2570 autem
363 2508 498 2578 excedit,
526 2507 570 2568 sic
594 2515 642 2568 est
654 2507 772 2580 anima;
797 2515 829 2568 et
853 2507 897 2568 sic
921 2527 986 2568 non
1010 2515 1059 2569 est
1081 2508 1191 2570 incon-

229 2615 360 2678 veniens
372 2614 462 2694 quod
473 2612 627 2675 informet
647 2613 815 2675 materiam
839 2613 958 2675 animae
982 2623 1014 2675 et
1038 2617 1189 2696 corporis.

228 2758 272 2766 -
299 2720 357 2782 Ad
391 2720 565 2781 secundam
591 2718 813 2799 probationem
841 2719 918 2781 dicit
953 2719 1124 2795 Richard,
1160 2731 1191 2782 et
1287 2721 1288 2724 ’

229 2827 320 2900 bene,
346 2846 403 2906 per
437 2825 623 2887 instantiam
647 2826 688 2887 de
712 2826 827 2906 specie,
848 2845 923 2907 quae
956 2826 1109 2907 recipitur
1133 2829 1190 2888 im·
1287 2881 1288 2888 ,

229 2932 433 2994 materialiter
457 2931 489 2993 in
522 2932 627 3006 oculu,
651 2940 684 2993 et
722 2941 832 2994 tamen
871 2933 986 2994 oculus
1008 2942 1057 2995 est
1094 2944 1191 2996 mate·
1287 2951 1288 2954 ’

229 3039 321 3101 rialis

294 3147 352 3208 Ae
371 3155 601 3227 argumentum
626 3145 760 3227 AEgidii,
785 3145 929 3208 concedo
953 3146 1042 3226 quod
1057 3147 1192 3209 materia
1287 3139 1288 3192 Ϊ

228 3252 323 3314 unius
345 3260 427 3314 esset
451 3251 600 3314 distincta
622 3273 642 3313 a
667 3251 799 3314 materia
822 3251 959 3313 alterius
979 3252 1023 3313 Et
1046 3273 1124 3314 cum
1145 3254 1190 3314 di-

224 3359 270 3420 cit
293 3359 382 3440 quod
406 3357 469 3420 hoc
492 3379 558 3420 non
574 3358 614 3419 sit
627 3358 686 3419 nisi
699 3379 755 3438 per
768 3358 1086 3440 quantitatem,dico
1099 3361 1191 3442 quod

227 3464 361 3529 hocest
396 3463 522 3539 falsum,
558 3464 641 3526 sicut
673 3465 886 3526 declarabitur
909 3465 942 3526 in
976 3463 1095 3539 Queest.
1128 3488 1192 3548 seq.

227 3572 272 3633 Et
289 3570 457 3652 probatur,
485 3571 562 3652 quia
585 3580 641 3632 aut
666 3571 815 3652 intelligit
838 3571 927 3652 quod
944 3572 1109 3652 quantitas
1134 3574 1193 3636 im-

226 3678 366 3740 mediate
389 3686 464 3739 ante
487 3676 627 3739 formam
651 3678 896 3739 substantialem
921 3677 1027 3739 sitin
1053 3681 1191 3770 materia
