2634 4267
220 253 279 330 138
481 250 556 313 Lm.
582 251 612 312 11
635 249 931 314 Ssnrnurmnuu

259 457 318 519 Ad
336 457 511 518 secundum
536 457 610 518 dico
633 456 724 537 quod
747 453 926 517 similitudo
950 453 1073 534 objecti
1086 475 1169 518 con-

192 563 291 625 currit
314 571 350 625 ut
374 583 472 626 causa
494 562 647 644 partialis.

264 776 488 862 Quantum
523 777 589 842 ad
616 775 860 841 secundum
899 773 1166 840 Articulum

190 893 239 946 est
263 904 328 945 una
350 883 461 965 opinio
492 883 622 945 Henrici
645 881 733 944 Dist.
762 899 797 964 5.
822 904 851 963 q.
877 899 945 964 14„
977 883 1069 962 quod
1100 903 1168 944 an-

191 991 282 1073 gelus
306 1010 370 1052 non
388 989 556 1072 cognoscit
571 1010 605 1052 se
629 1010 686 1071 per
702 1008 797 1051 suam
812 987 994 1062 essentiam,
1023 990 1080 1050 sed
1101 1011 1168 1071 per

191 1097 339 1159 habitum
356 1095 553 1158 scientialem
570 1096 682 1178 inquo
699 1103 915 1177 praesentatur
931 1096 1068 1158 essentia
1085 1099 1170 1171 sua,

191 1202 273 1265 sicut
296 1210 328 1266 et
351 1202 488 1264 essentia
510 1203 659 1286 aliorum,
679 1201 743 1264 Sed
760 1201 836 1283 quia
860 1201 912 1262 illa
928 1202 1039 1283 opinio
1062 1221 1169 1266 com-

192 1308 331 1371 muniter
355 1329 421 1370 non
451 1317 589 1382 tenetur,
614 1318 647 1371 et
678 1303 803 1390 patebit
839 1308 946 1390 magis
968 1308 1001 1371 in
1026 1307 1166 1390 Quaest.

190 1437 275 1497 seq.,
300 1416 373 1478 ideo
397 1415 449 1476 hic
473 1415 749 1497 praetermittatur.

256 1518 334 1588 Sed
353 1525 410 1588 est
431 1539 511 1588 una
534 1518 615 1588 alia
638 1519 768 1605 opimi)
786 1541 887 1602 quam
906 1522 1018 1584 recitat
1035 1522 1165 1599 Varr0,

189 1630 279 1710 quod
302 1629 438 1710 angelus
453 1627 601 1710 intelligit
616 1648 650 1689 se
667 1649 724 1708 per
746 1647 838 1689 suam
861 1628 1045 1702 essentiam,
1062 1633 1170 1710 quod

190 1735 369 1797 declaratur
393 1735 454 1796 sic:
479 1744 603 1816 quanto
619 1734 741 1816 aliquid
761 1743 812 1796 est
824 1734 941 1816 ‚magis
953 1735 1165 1800 absolutum

189 1864 208 1903 a
233 1842 375 1916 materia,
399 1851 492 1904 tanto
516 1841 621 1923 magis
644 1850 692 1902 est
715 1841 914 1923 intelligibile
937 1841 1101 1922 objective
1129 1855 1166 1907 et

189 1949 302 2022 active,
319 1949 396 2029 quia
407 1948 662 2010 immaterialitas
678 1957 726 2009 est
738 1968 834 2009 causa
855 1947 1078 2010 intellectionis
1098 1971 1166 2032 per

189 2055 396 2117 Avicennam
415 2073 450 2134 j.
475 2053 648 2135 Metaplz.,·
681 2055 738 2116 sed
769 2055 907 2135 angelus
935 2065 983 2116 est
1007 2056 1168 2121 maxime

189 2162 356 2224 absolutus
378 2183 397 2223 a
422 2162 576 2239 materia3
600 2182 680 2243 ergo
703 2169 753 2224 est
777 2162 921 2223 maxime
945 2161 1167 2244 intelligibilis

189 2269 357 2348 objective,
382 2268 426 2331 ita
449 2277 481 2330 et
504 2268 617 2353 active.
644 2269 689 2329 Et
711 2277 790 2328 tunc
809 2269 909 2330 ultra:
934 2269 1016 2330 sicut
1039 2278 1089 2331 est
1109 2271 1165 2334 in.

189 2375 361 2456 telligibilis
384 2375 552 2455 objective,
578 2375 622 2436 ita
645 2383 679 2436 et
702 2375 823 2450 active;
841 2375 897 2436 sed
921 2375 1080 2456 objective
1108 2386 1167 2441 est

190 2481 395 2562 intelligibilis
418 2503 475 2563 per
491 2482 663 2543 essentiam
685 2501 795 2556 suam;
820 2501 899 2563 ergo
922 2491 955 2544 et
977 2483 1091 2544 active.
1113 2521 1166 2532 —

151 2626 156 2643 0
190 2589 234 2649 Et
258 2588 348 2650 addit
372 2589 424 2650 illa
448 2588 558 2669 opinio
582 2589 674 2668 quod
698 2609 774 2650 cum
798 2588 934 2682 angelus
958 2589 1112 2670 intelligit
1126 2613 1167 2654 se

189 2716 246 2777 per
269 2715 362 2756 suam
386 2695 567 2768 essentiam,
592 2694 766 2756 intellectio
790 2716 856 2757 non
884 2694 1095 2776 distinguitur
1114 2699 1166 2760 ab

188 2802 323 2863 essentia
347 2810 378 2863 et
402 2801 556 2882 potentia,
581 2801 657 2881 quia
693 2811 784 2863 actus
808 2801 920 2883 recipit
943 2801 1083 2884 speciem
1113 2807 1163 2868 ab

185 2909 314 2987 object)
337 2918 370 2970 et
400 2930 419 2969 a
443 2907 590 2987 subjecto
600 2929 607 2983 3
633 2917 706 2970 tum
731 2909 809 2992 quia
827 2909 982 2970 'medium
1007 2930 1073 2972 non
1104 2923 1164 2975 est

188 3015 294 3075 minus
317 3015 403 3077 idem
427 3015 517 3076 alteri
540 3024 691 3077 extremo
716 3035 816 3096 quam
840 3025 989 3078 extrema
1006 3025 1081 3078 sunt
1104 3039 1163 3081 ea-

187 3121 262 3182 dem
286 3121 368 3182 inter
391 3143 434 3183 se.
459 3122 637 3183 Intellectio
662 3132 772 3184 autem
791 3123 912 3185 mediat
940 3123 1023 3184 inter
1039 3131 1163 3204 poten-

187 3227 266 3289 tiam
290 3237 322 3289 et
338 3229 508 3289 essentiam
532 3228 770 3302 intellectivam,
796 3249 870 3310 quae
887 3239 964 3291 sunt
980 3229 1076 3293 idem.
1096 3232 1163 3295 Ul-

187 3334 285 3397 terius
315 3356 358 3396 ex
389 3335 443 3395 illo
474 3334 563 3396 dicto
594 3345 774 3416 sequuntur
813 3337 889 3410 du0,
922 3357 1025 3398 tntum
1061 3342 1162 3418 quod

113 3518 116 3522 A
188 3442 323 3522 angelus
344 3462 474 3523 semper
497 3441 688 3523 intelligeret
704 3463 747 3516 se,
780 3443 856 3524 quia
888 3463 931 3504 ex
963 3463 1031 3524 quo
1062 3444 1161 3509 intel-

189 3548 283 3609 lectio
314 3548 401 3609 idem
433 3557 481 3609 est
512 3569 588 3609 cum
619 3550 766 3622 essentia,
799 3559 831 3611 et
854 3551 991 3611 essentia
1023 3572 1162 3634 semper

189 3660 316 3728 manet3
340 3674 419 3734 ergo
442 3662 474 3714 et
498 3654 680 3716 intellectio
699 3655 883 3718 Secundum
900 3658 990 3739 quod
1006 3659 1161 3740 sequitur
