2634 4267
257 236 323 298 432
512 220 585 283 Lm.
610 221 640 283 ΙΙ
665 221 960 285 Saurammuuu

309 426 534 511 Quantum
558 428 623 493 ad
640 429 882 493 seorcndum
918 427 993 489 dico
1027 449 1113 490 cum
1141 429 1213 489 Ma-

235 534 336 615 gistro
362 534 452 615 quod
487 543 659 615 peccatum
694 534 727 595 in
763 533 921 615 Spiritum
958 534 1125 597 Sanctum
1165 545 1221 597 est

234 640 473 721 gravissimum,
497 650 569 703 tum
600 641 677 723 quia
711 641 858 721 procedit
881 661 925 702 ex
955 650 1042 703 certa
1076 641 1222 703 malitia

233 749 322 828 quod
346 756 394 809 est
415 748 598 810 maximum
615 756 788 828 peccatum
803 748 985 809 secundum
1003 747 1221 831 Gregorium
1291 769 1293 832 ᾖ

149 850 152 861 ’
233 855 268 917 in
293 854 445 927 Homil.,·
470 863 542 915 tum
566 854 642 936 quia
666 862 714 917 est
729 862 843 915 contra
858 864 1064 936 praeceptum
1084 856 1221 935 primae

232 961 370 1033 tabulae;
396 969 468 1022 tum
492 961 569 1042 quia
591 960 768 1043 opponitur
791 960 877 1022 actui
902 959 1159 1041 perfectissimo.

305 1173 531 1258 Quantum
555 1174 620 1239 ad
638 1173 818 1239 toruum
842 1173 915 1234 dico
939 1173 1029 1254 quod
1061 1194 1133 1236 non
1161 1186 1220 1236 est

231 1282 311 1344 illud
334 1289 506 1361 peccatum
534 1279 748 1342 irremissibile
775 1279 961 1361 simpliciter
995 1281 1073 1360 quia
1110 1283 1220 1343 Deus

231 1397 339 1469 potest
362 1388 441 1449 illud
463 1387 636 1461 remittere,
661 1387 717 1449 sed
745 1386 861 1448 dicitur
884 1385 1102 1448 irremissibile
1129 1397 1217 1479 turn

231 1494 307 1575 quia
331 1494 457 1556 nullum
481 1493 569 1555 aliud
593 1501 765 1576 peccatum
800 1493 922 1556 directe
952 1494 1134 1573 opponitur
1163 1494 1216 1555 di-

231 1602 316 1663 vinae
341 1600 569 1663 misericordiae
593 1600 676 1662 sicut
699 1600 795 1674 illud;
819 1608 891 1661 tum
923 1599 1000 1680 quia
1023 1600 1105 1661 illud
1130 1622 1213 1682 pec-

230 1716 341 1769 catum
381 1708 526 1769 maxime
561 1706 739 1788 opponitur
776 1705 978 1787 dispositioni
1002 1707 1211 1769 remissionis
1291 1707 1292 1710 ’

230 1834 306 1895 quae
330 1822 378 1875 est
401 1814 557 1895 quaedam
581 1812 782 1894 displicentia
805 1813 846 1874 de
869 1821 1015 1894 peccato.

303 2028 527 2113 Quantum
563 2028 629 2093 ad
646 2031 858 2111 quartum
894 2027 968 2089 dico
1003 2028 1094 2108 quod
1122 2039 1207 2091 sunt

229 2157 288 2198 sex
311 2143 445 2217 peccata
468 2135 501 2196 in
534 2134 691 2216 Spiritum
727 2133 895 2207 Sanctum,
932 2134 1052 2196 scilicet
1086 2135 1204 2217 despe-

229 2242 321 2316 rati0,
346 2242 569 2323 praesumptiO,
592 2240 777 2315 obstinatio,
808 2239 913 2302 finalis
944 2241 1199 2322 impoenitentia,

229 2349 350 2412 invidia
388 2348 537 2411 fraternae
576 2348 690 2430 gratiae
733 2357 766 2409 et
807 2347 1015 2430 impugnatio
1053 2348 1199 2410 veritatis

228 2455 360 2537 agnitae.
391 2455 546 2518 Primum
581 2464 613 2517 et
647 2454 823 2517 secundum
858 2454 951 2535 ponit
986 2454 1198 2535 Augustinus

228 2563 279 2624 De
308 2563 381 2645 fide
422 2563 470 2625 ad
500 2562 636 2625 Petrum
646 2585 663 2634 ,·
698 2561 830 2623 tertium
865 2561 959 2642 ponit
992 2560 1025 2621 in
1061 2559 1195 2633 Encli.,·

227 2680 382 2751 quartum
406 2668 499 2749 ponit
522 2669 563 2730 de
587 2667 693 2729 verbis
727 2666 867 2729 Domini
873 2690 890 2739 ,·
914 2666 1067 2748 quintum
1102 2668 1198 2748 ponit

228 2776 315 2838 idem
340 2776 372 2838 in
398 2775 500 2837 Serui.
519 2777 558 2837 de
581 2775 688 2837 verbz's
700 2774 840 2836 Domini
859 2777 895 2835 in
912 2782 1042 2847 monte,·
1065 2783 1196 2835 sextum

230 2884 317 2944 idem
341 2883 435 2964 ponit
458 2884 498 2945 de
522 2882 616 2945 unico
639 2881 818 2962 Baptismu

296 3097 357 3159 Ao
397 3110 536 3159 Paruum
575 3108 793 3157 autumpnus
828 3094 974 3156 concedo
1012 3094 1103 3174 quod
1138 3094 1194 3174 qui

228 3204 297 3265 odit
329 3224 428 3265 unam
464 3222 636 3284 personam
672 3201 839 3263 actualiter
873 3199 943 3262 odit
977 3200 1074 3262 aliam
1106 3200 1195 3262 habi·
1291 3237 1293 3250 ·

227 3310 365 3372 tualiter.

294 3416 353 3477 Ad
371 3416 546 3478 secundum
570 3423 678 3496 potest
701 3422 812 3495 patere
834 3434 877 3475 ex
893 3412 987 3475 dictis
1010 3413 1072 3487 vel,
1086 3421 1193 3495 potest

227 3522 290 3583 dici
315 3522 405 3602 quod
428 3531 476 3584 est
488 3521 604 3583 falsum
625 3521 716 3603 quod
735 3520 918 3595 assumitur,
934 3520 1011 3601 quia
1028 3518 1192 3601 Propheta
