2634 4267
286 263 472 325 Drsrnvcv.
502 261 582 324 VIII
607 259 753 341 Quasi.
779 261 824 323 III
978 275 1042 340 207

107 487 181 528 nam
202 468 242 529 ad
265 487 379 530 sensus
402 466 609 548 particulares
632 485 708 546 quae
732 463 891 527 clauditur
915 464 948 527 in
976 486 1065 528 som-

105 573 160 648 nis,
184 575 277 636 aliam
302 574 345 635 ad
368 573 614 654 imaginativam
638 592 714 653 quae
743 572 858 634 retinet
881 572 1002 653 species
1026 581 1063 634 ut

104 681 209 742 statim
232 681 366 754 dicetur,
383 688 416 742 et
431 680 491 741 ista
506 679 648 760 aperitur
666 679 697 740 in
714 679 836 740 somnis
852 687 884 741 et
900 687 948 741 est
965 700 1063 742 causa

104 789 313 850 somniorum.
769 871 770 876 ἵ

108 934 111 938 -
168 893 317 957 Secunda
340 893 486 974 potentia
501 913 577 974 quae
594 893 710 954 dicitur
726 890 899 955 formativa
915 893 965 964 vel
982 893 1062 954 ima·
1101 919 1110 934 ·

106 1000 242 1081 ginativa
266 1000 366 1062 habet
389 1021 449 1081 pro
481 1020 607 1082 organo
630 999 811 1062 secundum
846 999 1062 1061 ventriculum

105 1108 159 1187 qui
181 1117 226 1169 est
249 1108 281 1169 in
307 1108 421 1169 ultima
453 1116 545 1188 parte
575 1106 742 1168 anterioris
765 1106 864 1188 partis
888 1105 1008 1168 cerebri
1031 1115 1063 1168 et

106 1213 173 1292 ejus
192 1224 283 1278 actus
302 1223 350 1276 est
374 1214 509 1278 retinere
528 1213 659 1294 specieS,
684 1214 760 1294 quia
783 1233 894 1274 sensus
918 1233 1063 1275 commu-

108 1319 155 1382 nis
176 1341 237 1383 non
262 1321 361 1382 habet
384 1321 451 1382 vim
488 1319 690 1394 retentivam,
722 1319 778 1381 sed
802 1328 849 1381 est
872 1319 954 1381 sicut
977 1340 1062 1400 aqua

108 1427 158 1487 cui
178 1427 373 1509 imprimitur
396 1426 548 1508 sigillum,
573 1435 610 1488 ut
644 1426 776 1488 deducit
810 1425 982 1488 Avicenna
1007 1426 1061 1488 ubi

108 1552 208 1614 supra.

169 1640 275 1702 Tertia
298 1641 443 1721 potentia
477 1641 596 1702 dicitur
619 1639 794 1722 cogitativa
817 1647 849 1700 et
880 1638 978 1701 habet
1002 1660 1062 1721 pro

108 1765 226 1828 organo
248 1747 463 1809 ventriculum
487 1747 543 1828 qui
568 1756 615 1808 est
639 1746 671 1808 in
695 1745 834 1807 inferiori
859 1747 974 1807 mediae
988 1767 1060 1808 con·

108 1853 246 1915 cavitatis
268 1854 399 1928 cerebri,
424 1863 456 1916 et
472 1853 542 1934 ejus
565 1863 657 1915 actus
673 1862 722 1915 est
745 1873 942 1934 componere
958 1862 990 1914 et
1013 1853 1060 1915 di-

108 1958 210 2022 videre
232 1961 353 2042 species
376 1981 452 2042 quae
477 1960 608 2022 suntin
632 1959 778 2042 potentia
801 1959 981 2024 formativa.

171 2065 293 2147 Quarta
309 2067 463 2148 potentia,
489 2067 608 2128 scilicet
631 2067 834 2140 aestimativa,
860 2087 919 2146 pro
936 2087 1060 2147 organo

108 2169 200 2235 habet
221 2174 437 2236 ventriculum
454 2173 509 2254 qui
533 2182 580 2234 est
603 2174 635 2234 in
659 2193 790 2234 summo
808 2173 923 2234 mediae
948 2193 1061 2234 conca-

108 2278 207 2341 vitatis
229 2281 360 2355 cerebri,
385 2280 478 2360 cujus
501 2289 593 2342 actus
615 2288 664 2341 est
687 2278 929 2360 apprehendere
960 2280 1060 2341 inten-

108 2384 204 2448 tiones
226 2408 292 2450 non
316 2396 470 2461 sensatae,
495 2387 577 2449 sicut
601 2394 692 2469 patet
715 2386 756 2448 de
786 2407 873 2467 agno
897 2386 952 2467 qui
977 2385 1059 2468 fugit

108 2490 224 2573 lupum.

170 2600 293 2682 Quinta
316 2599 471 2682 potentia,
496 2599 614 2662 scilicet
631 2599 853 2674 memorativa,
878 2599 976 2662 habet
999 2621 1059 2681 pro

108 2724 225 2787 organo
240 2707 456 2769 ventriculum
480 2707 536 2788 qui
559 2716 608 2768 est
630 2707 662 2768 in
681 2707 794 2768 ultima
817 2717 908 2788 parte
927 2707 1057 2780 cerebri,

108 2819 137 2872 et
157 2813 223 2894 ejus
246 2823 339 2876 actus
362 2822 411 2875 est
434 2814 568 2876 retinere
592 2813 713 2895 species
736 2823 885 2895 acceptas
908 2814 950 2874 ab
973 2815 1058 2876 aesti-

107 2921 228 2982 mativa.

167 3027 246 3090 Haec
270 3027 382 3090 omnia
397 3026 423 3088 si
446 3026 638 3108 profundius
661 3027 709 3089 vis
732 3027 849 3101 videre,
874 3047 984 3107 quaere
1008 3027 1057 3088 A·

107 3131 267 3197 vicennam
292 3133 322 3198 6.
340 3135 547 3196 naturalium
567 3144 655 3214 part.
674 3153 703 3200 J.
727 3145 794 3215 cap.
813 3134 870 3195 ult.
895 3134 981 3194 circa
998 3156 1058 3196 me·

106 3237 199 3303 dium.

170 3453 394 3538 Quantum
418 3455 732 3520 adsecundum
757 3452 1007 3518 Articulum
1025 3474 1057 3514 0·
1154 3435 1161 3456 ⁸

105 3569 204 3638 portet
225 3562 288 3624 tria
311 3560 429 3624 videre.
454 3562 568 3624 Primo
591 3562 761 3642 quomodo
792 3559 921 3642 spiritus
945 3559 1056 3621 vitales

106 3685 135 3727 sc
161 3667 301 3732 habeant
333 3668 376 3730 ad
399 3688 522 3750 organa
553 3669 712 3730 dictarum
737 3665 966 3749 potentiarum.
1000 3665 1056 3728 Se-
