2634 4267
297 358 360 423 37²
561 342 637 405 Lm.
661 342 691 405 11
716 341 1011 406 Samammauu

270 548 361 628 Deo;
385 558 557 630 peccatum
580 548 667 611 enim
691 546 808 610 dicitur
830 548 862 611 in
887 556 1004 611 natura
1027 549 1099 629 quia
1116 546 1216 610 deficit

269 676 291 719 a
314 664 403 719 recto
425 655 538 718 ordine
549 663 686 717 naturae.
699 654 883 728 Moralium
897 655 975 736 qnia
991 653 1096 716 deficit
1107 676 1124 716 a
1135 664 1217 717 recto

270 763 383 825 ordine
406 761 546 824 rationis.
567 760 750 843 Theologice
772 781 850 823 vero
874 760 952 841 quia
969 760 1217 843 deficitaregula

271 869 390 931 divinae
413 868 589 931 voluntatis
611 876 643 930 et
666 889 686 929 a
708 868 945 949 complacentia
958 867 1038 948 ejuS,
1050 869 1118 930 ideo
1129 888 1218 930 omne

271 976 349 1038 illud
372 975 462 1057 quod
485 974 584 1037 habet
607 974 766 1036 rationem
790 974 989 1055 displicibilis
1002 974 1035 1037 in
1055 975 1160 1037 ordine
1181 975 1218 1035 ad

272 1083 392 1155 Deum,
415 1090 464 1143 est
488 1090 660 1163 peccatum
684 1079 871 1143 formaliter.

316 1186 431 1257 Alius
452 1190 509 1254 est
530 1183 668 1255 modus
689 1183 842 1255 dicendi
875 1186 990 1250 melior
1021 1187 1163 1250 Anselmi
1183 1188 1216 1249 de

268 1306 415 1376 conceptu
450 1293 618 1376 virginali
650 1314 749 1375 quem
788 1294 932 1375 sequitur
969 1293 1087 1357 Scotus
1119 1294 1215 1355 dicens

271 1403 360 1485 quod
385 1411 555 1483 peccatum
580 1400 735 1483 originale
759 1399 935 1462 formaliter
957 1410 1007 1463 est
1030 1401 1163 1463 carentia
1174 1398 1216 1479 ju-

271 1510 366 1572 stitiae
390 1508 552 1589 originalis
575 1508 704 1582 debitae,
729 1528 795 1569 non
820 1507 1087 1589 qualitercunque
1110 1506 1214 1569 debita

271 1617 327 1678 sed
351 1615 470 1678 debitae
494 1613 569 1696 quia
592 1623 738 1697 acceptae
762 1614 794 1677 in
822 1615 930 1696 primo
965 1625 1098 1695 parente
1129 1622 1158 1676 et
1187 1612 1213 1673 in

272 1724 341 1805 ipso
365 1722 501 1783 amissae.
527 1723 572 1783 Et
595 1722 668 1783 ideo
692 1721 807 1784 Adam
830 1742 896 1783 non
921 1721 1036 1785 habuit
1060 1730 1213 1803 peccatum

271 1829 428 1911 originale
451 1829 527 1910 quia
550 1829 628 1891 illud
650 1828 799 1890 debitum
823 1849 889 1891 non
913 1827 974 1890 fuit
990 1830 1033 1890 ad
1049 1829 1150 1910 ipsum
1164 1837 1213 1889 tra-

270 1936 374 1997 ditum
400 1956 456 2016 per
478 1935 620 2016 aliquem
656 1943 834 2015 parentem,
870 1934 926 1997 sed
952 1935 1020 2015 ipse
1054 1936 1085 1996 in
1118 1955 1148 1996 se
1172 1954 1212 1994 ac·

271 2042 356 2122 cepit
391 2042 485 2103 istam
518 2040 676 2121 justitiam
712 2041 900 2125 originalem
926 2050 959 2102 et
982 2050 1057 2104 actu
1082 2062 1138 2102 suo
1158 2060 1213 2121 per·

271 2148 354 2209 didit
387 2149 484 2209 illam.

336 2251 416 2322 Ista
436 2250 632 2321 Conclusio
644 2254 801 2335 probatur
819 2254 929 2335 primo
947 2275 1005 2335 per
1021 2254 1210 2325 Anselmum,

271 2360 327 2423 nbi
348 2373 461 2442 staura:
486 2361 572 2435 Non,
597 2361 711 2443 inquit,
744 2370 916 2442 peccatum
947 2362 1039 2441 quod
1074 2359 1209 2443 originale

271 2470 344 2531 dico
368 2469 455 2530 aliud
479 2468 656 2549 intelligere
679 2468 711 2529 in
735 2462 810 2549 ipsis
826 2467 1002 2530 infantibus
1018 2488 1143 2550 nequeo
1162 2464 1210 2527 nisi

271 2576 375 2656 ipsam
403 2574 522 2637 factam
550 2595 608 2656 per
630 2574 883 2636 inobedientiam
907 2573 995 2636 Adae
1019 2575 1148 2655 justitiae
1168 2573 1210 2634 de-

226 2689 228 2695 ’
272 2682 347 2744 bitae
373 2682 553 2743 nuditatem
577 2701 757 2762 perquam
781 2701 897 2743 omnes
921 2690 997 2743 sunt
1021 2680 1076 2743 filii
1099 2682 1157 2743 irae.

338 2788 492 2861 Secundo,
517 2788 673 2868 probatur
698 2788 783 2849 idem
811 2786 872 2849 sic:
908 2789 1083 2850 Peccatum
1116 2787 1211 2849 forma·

271 2894 340 2956 liter
364 2904 411 2955 est
435 2894 606 2974 injustitia;
630 2895 687 2956 sed
710 2893 866 2974 injustitia
900 2893 1079 2958 formaliter
1101 2902 1146 2956 est
1164 2890 1211 2973 pri·

270 3001 358 3062 vatio
379 3000 512 3081 justitia:
537 3021 593 3080 per
617 3000 815 3063 Anselmum
832 3001 871 3063 de
885 3022 963 3063 casu
979 3001 1107 3063 diaboli
1113 3025 1129 3074 ,·
1149 3019 1211 3081 ergo

270 3117 441 3190 peccatum
466 3106 621 3188 originale
644 3106 821 3170 formaliter
851 3116 900 3170 est
928 3108 1066 3189 privatio
1098 3105 1210 3190 justitia

270 3214 442 3296 originalis,

343 3321 446 3383 Tertio
470 3320 547 3381 dicit
571 3320 697 3382 Doctor
720 3310 772 3382 ille
794 3322 884 3401 quod
921 3321 1087 3383 materiale
1110 3317 1210 3403 peccati
1280 3336 1281 3385 t

270 3427 433 3509 originalis
456 3436 503 3488 est
526 3427 787 3508 concupiscentia
821 3429 872 3490 vel
907 3428 1054 3510 pronitas
1078 3429 1110 3491 in
1131 3446 1209 3509 appe·

268 3536 329 3597 titu
355 3534 502 3596 rationali
525 3535 567 3595 ad
591 3534 888 3615 concupiscendum
925 3534 1126 3598 delectabilia
1145 3535 1210 3596 inor·

267 3641 378 3700 dinate
401 3642 450 3701 vel
476 3641 699 3714 immoderate,
723 3660 798 3721 quae
826 3649 902 3702 nata
926 3650 975 3703 est
1009 3642 1210 3705 condelectare

266 3742 428 3821 appetitui
451 3744 602 3805 sensitivo
625 3744 678 3806 cul
701 3745 922 3827 conjungitur.
1023 3827 1031 3835 ¹
