2634 4267
293 265 355 344 196
556 261 631 330 Lus.
656 266 686 329 ΙΙ
711 264 1006 329 saur-smmum

265 470 357 546 riori;
380 470 437 533 sed
460 492 561 553 agens
591 471 739 535 naturale
761 480 870 554 potest
903 471 1083 553 producere
1116 491 1214 534 veram

174 593 181 609 ·
265 575 405 639 sormam
429 578 461 640 in
486 579 637 655 materia;
662 599 741 660 ergo
766 579 870 640 multo
894 579 998 660 magis
1022 578 1214 661 angelusqui

263 692 312 747 est
334 685 490 766 superior.
519 682 744 769 Confirmatur
765 683 818 747 illa
842 684 923 747 ratio
939 706 997 767 per
1020 685 1214 748 Avicennam

263 788 294 854 6.
319 791 390 853 Lib.
426 791 632 854 naturalium
650 801 686 873 p.
710 810 742 875 4.
766 813 792 852 c.
816 810 848 875 4.
874 791 929 854 ubi
967 791 1062 854 dicit:
1088 813 1144 854 nos
1166 811 1213 852 au-

264 905 331 960 tem
355 908 427 972 etc„
451 919 563 980 quaere
585 897 638 961 ibi.

337 1111 561 1196 Quantum
584 1107 644 1177 ud
665 1111 845 1177 teru'um
880 1111 1142 1193 Articulum,
1165 1109 1212 1191 qui

262 1219 333 1282 vult
356 1228 465 1281 tenere
487 1219 665 1282 secundam
690 1218 878 1300 opinionem
894 1227 1002 1301 potest
1033 1218 1212 1300 respondere

262 1325 304 1387 ad
327 1335 522 1407 argumenta
544 1325 659 1407 primae
683 1325 861 1408 opinionis:

328 1432 387 1494 Ad
393 1433 542 1514 primum
559 1452 645 1514 nego
662 1432 975 1506 Commentatorem,
992 1432 1068 1513 quia
1087 1440 1134 1493 est
1148 1451 1211 1493 con-

261 1547 311 1601 tra
334 1538 451 1614 fidem;
486 1539 630 1621 sequitur
665 1539 752 1602 enim
771 1538 866 1622 *quod
901 1539 993 1601 Deus
1016 1559 1081 1601 non
1113 1546 1211 1620 posset

261 1647 440 1726 producere
462 1644 602 1709 formam
620 1646 819 1708 materialem
836 1666 912 1709 cum
928 1646 997 1728 ipse
1012 1646 1053 1709 sit
1076 1646 1139 1708 sine
1155 1664 1210 1705 ma-

259 1753 348 1816 teria.
612 1740 618 1787 ¹

326 1859 385 1921 Ad
395 1860 570 1922 secuudum
583 1880 669 1941 nego
685 1859 851 1934 minorem,
865 1859 942 1941 quia
953 1860 1089 1940 angelus
1100 1856 1209 1940 praeha·

259 1965 314 2028 bet
338 1964 432 2027 istam
457 1965 597 2028 formam
614 1966 813 2042 materialem
830 1965 1015 2028 virtualiter.
1034 1966 1079 2028 Et
1091 1963 1207 2046 quando

258 2073 422 2154 arguitur:
439 2093 518 2154 ergo
534 2072 721 2135 dominatur
738 2093 834 2155 super
851 2072 1030 2147 materiam,
1048 2073 1118 2134 dico
1129 2069 1207 2152 quod

257 2180 379 2262 aliquid
402 2179 562 2241 dominari
585 2199 683 2260 super
700 2179 869 2242 materiam
892 2189 1001 2261 potest
1017 2178 1144 2260 intelligi
1159 2177 1207 2238 du·
1274 2183 1275 2202 l

258 2287 390 2367 pliciter,
414 2286 464 2348 vel
488 2295 650 2368 quantum
674 2287 717 2348 ad
749 2286 995 2368 impressionem
1031 2285 1148 2358 formae,
1164 2281 1206 2344 vel

257 2402 417 2474 quantum
441 2393 483 2454 ad
512 2393 772 2474 productionem.
805 2391 957 2456 Secundo
983 2393 1092 2467 modo,
1115 2408 1204 2471 nego;
1272 2431 1273 2456 1

257 2500 363 2581 primo
388 2499 498 2571 mod0,
523 2500 677 2561 concede.

322 2588 385 2669 Ad
401 2606 532 2668 tertium
566 2605 641 2668 dico
664 2605 755 2686 quod
790 2605 1014 2668 convenientia
1049 2615 1081 2668 et
1102 2601 1205 2666 assimi-

255 2712 332 2774 latio
356 2721 494 2774 nonest
529 2733 627 2774 causa
649 2732 751 2793 quare
786 2711 888 2774 homo
911 2721 1019 2793 potest
1043 2713 1204 2794 producere

255 2818 394 2881 sormam
419 2819 560 2900 aliquam
596 2827 629 2880 et
651 2839 718 2880 non
742 2819 874 2881 eoelum.
910 2819 1005 2882 Tunc
1034 2819 1203 2882 enimcum

254 2926 389 3008 angelus
413 2925 604 2988 assimiletur
638 2925 765 3007 angelo,
791 2935 899 3006 posset
932 2946 1010 2989 eum
1032 2925 1201 3008 producere,
1272 2995 1273 3008 χ

254 3033 343 3113 quod
366 3041 415 3093 est
438 3030 565 3093 falsum.
602 3031 708 3095 Causa
732 3031 830 3113 igitur
852 3041 902 3094 est
935 3029 1203 3114 proportionalitas
1272 3009 1273 3016 ἵ

253 3139 381 3200 virtutis
404 3159 505 3220 quam
529 3138 628 3200 habet
644 3139 781 3220 augelus
797 3147 945 3220 respectu
969 3137 1144 3202 formarum
1159 3153 1202 3196 na-

252 3245 417 3306 turalium.

320 3352 386 3433 Qui
410 3372 487 3413 vero
510 3352 580 3413 vult
603 3359 712 3412 tenere
736 3351 875 3432 primam
900 3351 1087 3434 opinionem
1110 3353 1202 3432 potest

254 3458 451 3539 respondere
474 3460 517 3520 ad
539 3467 735 3539 argumenta
758 3458 910 3520 secundae
927 3458 1098 3539 opinionis.

318 3565 377 3626 nd
390 3564 540 3646 primum
575 3565 720 3626 concedo
744 3565 834 3645 quod
864 3565 1000 3646 angelus
1024 3572 1129 3647 potest
1155 3557 1199 3621 ali·

248 3670 342 3750 quod
366 3671 532 3750 corporale
548 3669 661 3744 iacere,
679 3679 759 3751 puta
776 3680 903 3733 motum
917 3670 1065 3747 loealem,
1082 3671 1135 3733 sed
1147 3683 1199 3729 non
