2634 4267
277 279 296 324 2
303 263 341 342 58
545 260 620 324 Lm.
645 262 675 324 ΙΙ
700 259 994 326 Sanrnnrmnun

252 465 505 550 perfectionem
540 487 620 549 ergo
643 455 705 530 etcss
741 467 841 530 Forte
864 466 944 529 dicis
978 467 1067 549 quod
1100 467 1207 540 imm0,

252 573 329 656 quia
351 573 560 656 consequitur
584 573 815 656 perfectionem
832 593 910 655 quae
932 583 981 636 est
1006 582 1122 636 motus.
1139 573 1208 635 Hoc

253 701 318 743 non
342 680 438 752 valet,
476 680 553 762 quia
587 689 663 762 post
694 680 961 742 resurrectionem
980 661 1209 742 =meliorabitur

246 788 376 849 coelum
399 795 432 849 et
465 795 577 849 tamen
601 806 667 849 non
705 785 837 848 habebit
869 785 953 848 hanc
985 785 1208 868 perfectionem

252 913 328 974 quae
351 902 401 956 est
426 902 545 956 motus.
570 929 615 940 -
638 893 809 967 Praeterea,
841 893 867 956 si
891 892 955 955 hoc
989 901 1072 956 esset
1094 891 1166 974 perf
1198 927 1209 936 -

251 999 348 1062 tionis
371 999 527 1062 naturalis
550 999 582 1062 in
607 999 703 1073 coe10,
728 999 874 1062 maxime
896 1009 980 1063 esset
1002 999 1035 1062 in
1058 999 1142 1062 coelo
1157 1018 1208 1060 no-

252 1105 417 1179 bilissimo,
450 1105 533 1168 idest
555 1106 589 1169 in
612 1106 699 1168 coelo
729 1105 889 1188 empireo;
914 1107 971 1169 sed
1006 1106 1069 1168 hoc
1092 1113 1140 1168 est
1161 1103 1210 1166 lal-

252 1236 336 1286 sum,
361 1212 438 1295 quia
473 1233 540 1276 non
565 1221 733 1290 movetur;
768 1233 857 1295 erge.
882 1247 927 1260 -
950 1214 1120 1286 Praeterea,
1143 1231 1209 1273 con·

253 1331 303 1384 tra
327 1320 412 1382 hanc
435 1318 624 1401 opinionem
647 1328 698 1381 est
721 1319 894 1383 Avicenna
910 1337 940 1399 9.
965 1318 1113 1401 Metapa.
1136 1339 1160 1380 c.
1181 1335 1208 1378 2.

254 1428 309 1491 ubi
333 1426 411 1512 dicit
445 1426 537 1508 quod
561 1435 671 1488 motus
709 1426 783 1489 coeli
808 1447 874 1489 non
899 1436 948 1490 est
983 1427 1135 1489 naturalis
1157 1443 1209 1486 nec

253 1535 425 1598 violentus.

326 1746 552 1832 Quantum
588 1747 654 1813 ud
685 1747 928 1812 secuudum
964 1747 1207 1813 Articulum

255 1855 330 1917 dico
354 1853 444 1935 quod
468 1855 591 1915 coelum
627 1862 779 1916 movetur
802 1854 845 1916 ab
867 1853 1079 1936 intelligentia
1102 1863 1206 1917 creata.

254 1960 357 2042 Cujus
373 1960 456 2022 ratio
473 1968 535 2034 est,
551 1959 628 2042 quia
644 1969 702 2023 aut
726 1967 877 2023 movetur
892 1960 1081 2023 immediate
1097 1982 1116 2023 a
1134 1963 1206 2030 Deo,

253 2076 310 2130 aut
333 2067 375 2129 ab
391 2066 501 2128 anima
525 2066 667 2149 propria,
691 2076 749 2130 aut
771 2066 912 2159 aforma
936 2068 1077 2150 propria,
1102 2077 1156 2130 aut
1172 2067 1207 2128 ab

253 2173 466 2256 intelligentia
489 2183 607 2236 creata.
633 2173 699 2237 Sed
723 2174 830 2256 primo
846 2175 948 2237 modo
971 2195 1049 2249 non,
1074 2183 1111 2236 ut
1128 2182 1206 2256 patet

254 2289 368 2343 contra
392 2279 536 2361 primam
561 2279 768 2362 opinionem;
793 2301 852 2342 nec
876 2281 1021 2343 secundo
1045 2281 1152 2355 modo,
1177 2287 1206 2340 ut

254 2395 347 2469 patet
363 2394 476 2448 contra
492 2387 670 2449 secundam
687 2387 892 2469 opinionem;
917 2407 977 2450 nec
999 2387 1096 2450 tertio
1117 2386 1205 2448 modo

255 2503 291 2556 ut
314 2502 405 2576 patet
427 2503 543 2556 contra
566 2494 696 2556 tertiam
728 2493 932 2575 opinionem;
969 2515 1049 2576 ergo
1072 2491 1206 2574 relinqui-

255 2610 307 2662 tur
331 2600 422 2681 quod
445 2609 563 2681 quarto
600 2600 712 2674 modo,
737 2600 857 2664 scilicet
890 2601 982 2683 quod
1006 2601 1125 2664 coelum
1150 2618 1206 2661 mo·

255 2715 349 2769 vetur
372 2707 414 2769 ab
438 2705 661 2789 intelligentia.
962 2697 964 2707 '

322 2812 387 2876 Sed
411 2812 464 2875 hic
487 2822 536 2875 est
560 2813 709 2888 dubium,
735 2835 792 2896 per
816 2813 894 2896 quid
918 2813 1127 2897 intelligentia
1149 2831 1205 2874 mo·

254 2928 309 2982 vet
331 2919 465 2998 coelum,
489 2920 610 2982 seilicet
636 2929 748 2982 utrum
773 2941 831 3003 per
865 2920 1067 2983 intellectum
1089 2921 1136 2982 vel
1157 2937 1205 3000 per

254 3026 469 3100 voluntatem,
493 3047 535 3088 an
559 3048 617 3109 per
642 3027 823 3108 potentiam
847 3027 1066 3094 executivam.
1090 3025 1150 3090 Sed
1170 3023 1204 3084 de

255 3131 318 3194 hoc
341 3133 466 3195 dictum
502 3140 551 3196 est
573 3154 673 3216 supra
696 3134 784 3196 Dist.
816 3132 849 3198 8.
874 3156 904 3216 q.
936 3153 967 3199 2.
993 3134 1030 3198 iu
1056 3134 1156 3216 princ.
1173 3146 1201 3208 5·

254 3237 328 3300 Art.
339 3262 352 3300 .·
376 3259 488 3321 quaere
511 3239 565 3303 ibi.

330 3451 556 3537 Quantum
580 3455 645 3520 ud
664 3455 842 3520 tertium
865 3454 1116 3521 Articulum
1137 3458 1201 3514 sunt

257 3566 321 3619 tres
344 3560 522 3640 opiniones.
553 3556 639 3627 Una
662 3570 711 3624 est
733 3582 808 3642 quae
833 3562 910 3624 dicit
943 3564 1035 3643 quod
1059 3561 1136 3625 actio
1156 3557 1199 3618 illa

258 3663 376 3739 partim
400 3673 448 3725 est
471 3686 491 3726 a
514 3665 587 3727 Deo
611 3676 643 3728 et
667 3667 784 3747 partim
816 3668 857 3730 ab
881 3668 1008 3750 angelo,
1045 3669 1117 3750 quia
1136 3683 1198 3746 pro-
