<?xml version="1.0" encoding="UTF-8"?>
<!DOCTYPE html PUBLIC "-//W3C//DTD XHTML 1.0 Transitional//EN"
    "http://www.w3.org/TR/xhtml1/DTD/xhtml1-transitional.dtd">
<html xmlns="http://www.w3.org/1999/xhtml" xml:lang="en" lang="en">
 <head>
  <title>
</title>
<meta http-equiv="Content-Type" content="text/html;charset=utf-8" />
  <meta name='ocr-system' content='tesseract 3.04.00' />
  <meta name='ocr-capabilities' content='ocr_page ocr_carea ocr_par ocr_line ocrx_word'/>
</head>
<body>
  <div class='ocr_page' id='page_1' title='image "./commentariainli00scotgoog_0102.png"; bbox 0 0 2634 4267; ppageno 0'>
   <div class='ocr_carea' id='block_1_1' title="bbox 217 213 911 296">
    <p class='ocr_par' dir='ltr' id='par_1_1' title="bbox 217 213 911 296">
     <span class='ocr_line' id='line_1_1' title="bbox 217 213 911 296; baseline 0.004 -22"><span class='ocrx_word' id='word_1_1' title='bbox 217 233 261 296; x_wconf 91' lang='lat'>90</span> <span class='ocrx_word' id='word_1_2' title='bbox 459 214 533 276; x_wconf 67' lang='lat' dir='ltr'>Lus.</span> <span class='ocrx_word' id='word_1_3' title='bbox 559 215 588 276; x_wconf 91' lang='lat'>11</span> <span class='ocrx_word' id='word_1_4' title='bbox 613 213 911 279; x_wconf 77' lang='lat' dir='ltr'>Snnrnnrnrnuu</span> 
     </span>
    </p>
   </div>
   <div class='ocr_carea' id='block_1_2' title="bbox 194 416 1173 3681">
    <p class='ocr_par' dir='ltr' id='par_1_2' title="bbox 194 416 1173 3681">
     <span class='ocr_line' id='line_1_2' title="bbox 194 416 1163 503; baseline -0.002 -19"><span class='ocrx_word' id='word_1_5' title='bbox 194 421 243 485; x_wconf 92' lang='lat' dir='ltr'>vis</span> <span class='ocrx_word' id='word_1_6' title='bbox 274 421 430 503; x_wconf 82' lang='lat' dir='ltr'>Magister</span> <span class='ocrx_word' id='word_1_7' title='bbox 463 421 551 483; x_wconf 90' lang='lat' dir='ltr'>dicat</span> <span class='ocrx_word' id='word_1_8' title='bbox 582 420 634 483; x_wconf 94' lang='lat' dir='ltr'>hic</span> <span class='ocrx_word' id='word_1_9' title='bbox 664 441 733 483; x_wconf 89' lang='lat' dir='ltr'>esse</span> <span class='ocrx_word' id='word_1_10' title='bbox 768 416 937 503; x_wconf 80' lang='lat' dir='ltr'>opiniones</span> <span class='ocrx_word' id='word_1_11' title='bbox 967 421 1163 503; x_wconf 85' lang='lat' dir='ltr'>ambiguas:</span> 
     </span>
     <span class='ocr_line' id='line_1_3' title="bbox 194 527 1171 610; baseline 0 -20"><span class='ocrx_word' id='word_1_12' title='bbox 194 528 272 610; x_wconf 88' lang='lat' dir='ltr'>quia</span> <span class='ocrx_word' id='word_1_13' title='bbox 287 527 496 610; x_wconf 81' lang='lat' dir='ltr'><strong>Augustinus</strong></span> <span class='ocrx_word' id='word_1_14' title='bbox 519 527 646 589; x_wconf 91' lang='lat' dir='ltr'>videtur</span> <span class='ocrx_word' id='word_1_15' title='bbox 663 527 790 601; x_wconf 91' lang='lat' dir='ltr'>sentire,</span> <span class='ocrx_word' id='word_1_16' title='bbox 815 538 915 609; x_wconf 84' lang='lat' dir='ltr'>supra</span> <span class='ocrx_word' id='word_1_17' title='bbox 943 527 1095 590; x_wconf 80' lang='lat' dir='ltr'><em>Genesim</em></span> <span class='ocrx_word' id='word_1_18' title='bbox 1116 529 1171 590; x_wconf 87' lang='lat' dir='ltr'>ad</span> 
     </span>
     <span class='ocr_line' id='line_1_4' title="bbox 196 634 1168 716; baseline -0.002 -18"><span class='ocrx_word' id='word_1_19' title='bbox 196 634 351 706; x_wconf 83' lang='lat' dir='ltr'><em>litteram,</em></span> <span class='ocrx_word' id='word_1_20' title='bbox 368 634 458 715; x_wconf 92' lang='lat' dir='ltr'>quod</span> <span class='ocrx_word' id='word_1_21' title='bbox 471 634 593 716; x_wconf 88' lang='lat' dir='ltr'>Angeli</span> <span class='ocrx_word' id='word_1_22' title='bbox 603 634 745 696; x_wconf 82' lang='lat' dir='ltr'>habeant</span> <span class='ocrx_word' id='word_1_23' title='bbox 757 655 896 716; x_wconf 89' lang='lat' dir='ltr'>corpora</span> <span class='ocrx_word' id='word_1_24' title='bbox 904 655 1007 708; x_wconf 90' lang='lat' dir='ltr'>aerea,</span> <span class='ocrx_word' id='word_1_25' title='bbox 1021 643 1104 715; x_wconf 94' lang='lat' dir='ltr'>puto</span> <span class='ocrx_word' id='word_1_26' title='bbox 1115 643 1168 695; x_wconf 88' lang='lat' dir='ltr'>ta·</span> 
     </span>
     <span class='ocr_line' id='line_1_5' title="bbox 197 740 1168 823; baseline -0.002 -19"><span class='ocrx_word' id='word_1_27' title='bbox 197 763 282 816; x_wconf 88' lang='lat' dir='ltr'>rnen,</span> <span class='ocrx_word' id='word_1_28' title='bbox 307 742 396 823; x_wconf 93' lang='lat' dir='ltr'>quod</span> <span class='ocrx_word' id='word_1_29' title='bbox 420 741 451 802; x_wconf 95' lang='lat' dir='ltr'>in</span> <span class='ocrx_word' id='word_1_30' title='bbox 469 740 602 823; x_wconf 82' lang='lat' dir='ltr'>Angelo</span> <span class='ocrx_word' id='word_1_31' title='bbox 619 741 708 803; x_wconf 94' lang='lat' dir='ltr'>nullo</span> <span class='ocrx_word' id='word_1_32' title='bbox 725 742 824 803; x_wconf 89' lang='lat' dir='ltr'>modo</span> <span class='ocrx_word' id='word_1_33' title='bbox 847 742 943 803; x_wconf 85' lang='lat' dir='ltr'>cadat</span> <span class='ocrx_word' id='word_1_34' title='bbox 965 740 1168 822; x_wconf 88' lang='lat' dir='ltr'>compositio</span> 
     </span>
     <span class='ocr_line' id='line_1_6' title="bbox 196 847 1165 930; baseline -0.001 -19"><span class='ocrx_word' id='word_1_35' title='bbox 196 869 361 930; x_wconf 89' lang='lat' dir='ltr'>corporea,</span> <span class='ocrx_word' id='word_1_36' title='bbox 385 848 436 910; x_wconf 88' lang='lat' dir='ltr'>vel</span> <span class='ocrx_word' id='word_1_37' title='bbox 460 847 685 929; x_wconf 87' lang='lat' dir='ltr'>quantitativa.</span> <span class='ocrx_word' id='word_1_38' title='bbox 711 849 755 910; x_wconf 91' lang='lat' dir='ltr'>Et</span> <span class='ocrx_word' id='word_1_39' title='bbox 779 847 876 929; x_wconf 84' lang='lat' dir='ltr'>hujus</span> <span class='ocrx_word' id='word_1_40' title='bbox 904 849 986 910; x_wconf 92' lang='lat' dir='ltr'>ratio</span> <span class='ocrx_word' id='word_1_41' title='bbox 1009 858 1059 910; x_wconf 92' lang='lat' dir='ltr'>est</span> <span class='ocrx_word' id='word_1_42' title='bbox 1082 848 1165 925; x_wconf 87' lang='lat' dir='ltr'>ista;</span> 
     </span>
     <span class='ocr_line' id='line_1_7' title="bbox 197 953 1167 1036; baseline 0 -18"><span class='ocrx_word' id='word_1_43' title='bbox 197 956 281 1018; x_wconf 90' lang='lat' dir='ltr'>circa</span> <span class='ocrx_word' id='word_1_44' title='bbox 312 963 462 1017; x_wconf 90' lang='lat' dir='ltr'>naturam</span> <span class='ocrx_word' id='word_1_45' title='bbox 494 953 703 1036; x_wconf 82' lang='lat' dir='ltr'><strong>Angelorum</strong></span> <span class='ocrx_word' id='word_1_46' title='bbox 734 955 888 1017; x_wconf 87' lang='lat' dir='ltr'>standum</span> <span class='ocrx_word' id='word_1_47' title='bbox 913 964 961 1017; x_wconf 88' lang='lat' dir='ltr'>est</span> <span class='ocrx_word' id='word_1_48' title='bbox 991 956 1167 1018; x_wconf 79' lang='lat' dir='ltr'>sententiae</span> 
     </span>
     <span class='ocr_line' id='line_1_8' title="bbox 198 1059 1167 1143; baseline 0 -19"><span class='ocrx_word' id='word_1_49' title='bbox 198 1061 348 1142; x_wconf 90' lang='lat' dir='ltr'>Dionysii</span> <span class='ocrx_word' id='word_1_50' title='bbox 379 1061 435 1142; x_wconf 90' lang='lat' dir='ltr'>qui</span> <span class='ocrx_word' id='word_1_51' title='bbox 459 1059 518 1122; x_wconf 82' lang='lat' dir='ltr'>luit</span> <span class='ocrx_word' id='word_1_52' title='bbox 549 1060 726 1142; x_wconf 91' lang='lat' dir='ltr'>discipulus</span> <span class='ocrx_word' id='word_1_53' title='bbox 756 1061 857 1135; x_wconf 87' lang='lat' dir='ltr'>Pauli,</span> <span class='ocrx_word' id='word_1_54' title='bbox 889 1061 944 1143; x_wconf 94' lang='lat' dir='ltr'>qui</span> <span class='ocrx_word' id='word_1_55' title='bbox 972 1060 1088 1124; x_wconf 83' lang='lat' dir='ltr'>habuit</span> <span class='ocrx_word' id='word_1_56' title='bbox 1117 1083 1167 1124; x_wconf 87' lang='lat' dir='ltr'>ex</span> 
     </span>
     <span class='ocr_line' id='line_1_9' title="bbox 199 1167 1166 1250; baseline 0 -19"><span class='ocrx_word' id='word_1_57' title='bbox 199 1167 392 1231; x_wconf 86' lang='lat' dir='ltr'>revelatione</span> <span class='ocrx_word' id='word_1_58' title='bbox 416 1167 518 1229; x_wconf 89' lang='lat' dir='ltr'>multa</span> <span class='ocrx_word' id='word_1_59' title='bbox 541 1167 583 1229; x_wconf 88' lang='lat' dir='ltr'>de</span> <span class='ocrx_word' id='word_1_60' title='bbox 613 1167 822 1250; x_wconf 83' lang='lat' dir='ltr'>Angelorum</span> <span class='ocrx_word' id='word_1_61' title='bbox 846 1176 978 1243; x_wconf 90' lang='lat' dir='ltr'>natura;</span> <span class='ocrx_word' id='word_1_62' title='bbox 1011 1169 1068 1230; x_wconf 88' lang='lat' dir='ltr'>sed</span> <span class='ocrx_word' id='word_1_63' title='bbox 1093 1168 1166 1249; x_wconf 87' lang='lat' dir='ltr'>ipse</span> 
     </span>
     <span class='ocr_line' id='line_1_10' title="bbox 198 1272 1168 1357; baseline -0.001 -19"><span class='ocrx_word' id='word_1_64' title='bbox 198 1275 275 1338; x_wconf 89' lang='lat' dir='ltr'>dicit</span> <span class='ocrx_word' id='word_1_65' title='bbox 304 1294 335 1338; x_wconf 87' lang='lat'>2.</span> <span class='ocrx_word' id='word_1_66' title='bbox 366 1273 499 1336; x_wconf 76' lang='lat' dir='ltr'>ccelesiis</span> <span class='ocrx_word' id='word_1_67' title='bbox 522 1272 685 1337; x_wconf 74' lang='lat' dir='ltr'><em>hierarch.</em></span> <span class='ocrx_word' id='word_1_68' title='bbox 710 1275 809 1355; x_wconf 67' lang='lat' dir='ltr'>quod⁴</span> <span class='ocrx_word' id='word_1_69' title='bbox 831 1274 955 1357; x_wconf 82' lang='lat' dir='ltr'>Angeli</span> <span class='ocrx_word' id='word_1_70' title='bbox 986 1295 1053 1337; x_wconf 94' lang='lat' dir='ltr'>non</span> <span class='ocrx_word' id='word_1_71' title='bbox 1085 1285 1168 1338; x_wconf 90' lang='lat' dir='ltr'>sunt</span> 
     </span>
     <span class='ocr_line' id='line_1_11' title="bbox 198 1360 1165 1464; baseline -0.001 -21"><span class='ocrx_word' id='word_1_72' title='bbox 198 1381 361 1462; x_wconf 88' lang='lat' dir='ltr'>corporei;</span> <span class='ocrx_word' id='word_1_73' title='bbox 385 1401 475 1463; x_wconf 78' lang='lat' dir='ltr'>ergo,</span> <span class='ocrx_word' id='word_1_74' title='bbox 498 1417 542 1426; x_wconf 91' lang='lat'>-—</span> <span class='ocrx_word' id='word_1_75' title='bbox 571 1360 794 1464; x_wconf 75' lang='lat' dir='ltr'>Cenfirmaiur</span> <span class='ocrx_word' id='word_1_76' title='bbox 824 1401 882 1462; x_wconf 88' lang='lat' dir='ltr'>per</span> <span class='ocrx_word' id='word_1_77' title='bbox 912 1381 1072 1444; x_wconf 86' lang='lat' dir='ltr'>rationem</span> <span class='ocrx_word' id='word_1_78' title='bbox 1104 1382 1165 1445; x_wconf 91' lang='lat' dir='ltr'>Ri-</span> 
     </span>
     <span class='ocr_line' id='line_1_12' title="bbox 198 1486 1168 1570; baseline -0.001 -19"><span class='ocrx_word' id='word_1_79' title='bbox 198 1489 308 1551; x_wconf 88' lang='lat' dir='ltr'>chard.</span> <span class='ocrx_word' id='word_1_80' title='bbox 322 1486 393 1550; x_wconf 85' lang='lat' dir='ltr'><em>Lib.</em></span> <span class='ocrx_word' id='word_1_81' title='bbox 406 1488 445 1549; x_wconf 86' lang='lat' dir='ltr'>de</span> <span class='ocrx_word' id='word_1_82' title='bbox 457 1487 535 1550; x_wconf 88' lang='lat' dir='ltr'>trin.</span> <span class='ocrx_word' id='word_1_83' title='bbox 549 1487 604 1568; x_wconf 95' lang='lat' dir='ltr'>qui</span> <span class='ocrx_word' id='word_1_84' title='bbox 618 1488 727 1569; x_wconf 89' lang='lat' dir='ltr'>arguit</span> <span class='ocrx_word' id='word_1_85' title='bbox 744 1489 785 1550; x_wconf 91' lang='lat' dir='ltr'>de</span> <span class='ocrx_word' id='word_1_86' title='bbox 797 1489 930 1551; x_wconf 91' lang='lat' dir='ltr'>obsesso</span> <span class='ocrx_word' id='word_1_87' title='bbox 943 1510 962 1551; x_wconf 92' lang='lat' dir='ltr'>a</span> <span class='ocrx_word' id='word_1_88' title='bbox 974 1489 1111 1570; x_wconf 83' lang='lat' dir='ltr'>legione,</span> <span class='ocrx_word' id='word_1_89' title='bbox 1129 1488 1168 1550; x_wconf 89' lang='lat' dir='ltr'>in</span> 
     </span>
     <span class='ocr_line' id='line_1_13' title="bbox 198 1594 1166 1677; baseline 0.001 -21"><span class='ocrx_word' id='word_1_90' title='bbox 198 1616 266 1677; x_wconf 91' lang='lat' dir='ltr'>quo</span> <span class='ocrx_word' id='word_1_91' title='bbox 289 1603 380 1656; x_wconf 88' lang='lat' dir='ltr'>erant</span> <span class='ocrx_word' id='word_1_92' title='bbox 403 1614 462 1655; x_wconf 91' lang='lat' dir='ltr'>sex</span> <span class='ocrx_word' id='word_1_93' title='bbox 486 1594 573 1655; x_wconf 87' lang='lat' dir='ltr'>milia</span> <span class='ocrx_word' id='word_1_94' title='bbox 596 1595 781 1676; x_wconf 86' lang='lat' dir='ltr'>sexingenti</span> <span class='ocrx_word' id='word_1_95' title='bbox 809 1595 980 1677; x_wconf 85' lang='lat' dir='ltr'>sexaginta</span> <span class='ocrx_word' id='word_1_96' title='bbox 1011 1616 1070 1657; x_wconf 88' lang='lat' dir='ltr'>sex</span> <span class='ocrx_word' id='word_1_97' title='bbox 1094 1595 1166 1657; x_wconf 89' lang='lat' dir='ltr'>doe·</span> 
     </span>
     <span class='ocr_line' id='line_1_14' title="bbox 201 1700 1168 1781; baseline 0 -18"><span class='ocrx_word' id='word_1_98' title='bbox 201 1707 323 1763; x_wconf 90' lang='lat' dir='ltr'>mones.</span> <span class='ocrx_word' id='word_1_99' title='bbox 348 1700 462 1781; x_wconf 89' lang='lat' dir='ltr'>Aliqui</span> <span class='ocrx_word' id='word_1_100' title='bbox 485 1709 596 1762; x_wconf 89' lang='lat' dir='ltr'>tamen</span> <span class='ocrx_word' id='word_1_101' title='bbox 619 1701 788 1763; x_wconf 92' lang='lat' dir='ltr'>adducunt</span> <span class='ocrx_word' id='word_1_102' title='bbox 811 1702 907 1764; x_wconf 91' lang='lat' dir='ltr'>istam</span> <span class='ocrx_word' id='word_1_103' title='bbox 932 1702 1108 1764; x_wconf 88' lang='lat' dir='ltr'>rationem:</span> <span class='ocrx_word' id='word_1_104' title='bbox 1127 1701 1168 1765; x_wconf 88' lang='lat' dir='ltr'>Si</span> 
     </span>
     <span class='ocr_line' id='line_1_15' title="bbox 200 1807 1170 1890; baseline -0.001 -19"><span class='ocrx_word' id='word_1_105' title='bbox 200 1809 340 1871; x_wconf 88' lang='lat' dir='ltr'>habeant</span> <span class='ocrx_word' id='word_1_106' title='bbox 370 1827 516 1890; x_wconf 83' lang='lat' dir='ltr'>corpora,</span> <span class='ocrx_word' id='word_1_107' title='bbox 540 1807 594 1869; x_wconf 89' lang='lat' dir='ltr'>illa</span> <span class='ocrx_word' id='word_1_108' title='bbox 613 1815 689 1869; x_wconf 88' lang='lat' dir='ltr'>sunt</span> <span class='ocrx_word' id='word_1_109' title='bbox 712 1808 871 1870; x_wconf 87' lang='lat' dir='ltr'>nobiliora</span> <span class='ocrx_word' id='word_1_110' title='bbox 891 1829 992 1890; x_wconf 87' lang='lat' dir='ltr'>quam</span> <span class='ocrx_word' id='word_1_111' title='bbox 1024 1829 1170 1889; x_wconf 89' lang='lat' dir='ltr'>corpora</span> 
     </span>
     <span class='ocr_line' id='line_1_16' title="bbox 199 1914 1169 1997; baseline 0 -20"><span class='ocrx_word' id='word_1_112' title='bbox 199 1915 366 1988; x_wconf 86' lang='lat' dir='ltr'>humama,</span> <span class='ocrx_word' id='word_1_113' title='bbox 382 1914 459 1995; x_wconf 90' lang='lat' dir='ltr'>quia</span> <span class='ocrx_word' id='word_1_114' title='bbox 482 1923 558 1976; x_wconf 91' lang='lat' dir='ltr'>sunt</span> <span class='ocrx_word' id='word_1_115' title='bbox 574 1914 746 1977; x_wconf 89' lang='lat' dir='ltr'>nobiliores</span> <span class='ocrx_word' id='word_1_116' title='bbox 770 1914 896 1989; x_wconf 85' lang='lat' dir='ltr'>formae,</span> <span class='ocrx_word' id='word_1_117' title='bbox 913 1916 1004 1997; x_wconf 93' lang='lat' dir='ltr'>quod</span> <span class='ocrx_word' id='word_1_118' title='bbox 1027 1936 1094 1977; x_wconf 94' lang='lat' dir='ltr'>non</span> <span class='ocrx_word' id='word_1_119' title='bbox 1117 1916 1169 1977; x_wconf 91' lang='lat' dir='ltr'>vi-</span> 
     </span>
     <span class='ocr_line' id='line_1_17' title="bbox 200 2020 1170 2107; baseline 0.002 -24"><span class='ocrx_word' id='word_1_120' title='bbox 200 2021 294 2084; x_wconf 90' lang='lat' dir='ltr'>detur</span> <span class='ocrx_word' id='word_1_121' title='bbox 310 2020 504 2083; x_wconf 90' lang='lat' dir='ltr'>conveniens</span> <span class='ocrx_word' id='word_1_122' title='bbox 527 2041 604 2107; x_wconf 86' lang='lat' dir='ltr'>cum</span> <span class='ocrx_word' id='word_1_123' title='bbox 620 2041 739 2102; x_wconf 90' lang='lat' dir='ltr'>corpus</span> <span class='ocrx_word' id='word_1_124' title='bbox 763 2020 946 2083; x_wconf 89' lang='lat' dir='ltr'>humanum</span> <span class='ocrx_word' id='word_1_125' title='bbox 971 2021 1012 2083; x_wconf 90' lang='lat' dir='ltr'>sit</span> <span class='ocrx_word' id='word_1_126' title='bbox 1038 2022 1170 2103; x_wconf 83' lang='lat' dir='ltr'>optime</span> 
     </span>
     <span class='ocr_line' id='line_1_18' title="bbox 200 2126 1168 2208; baseline 0 -18"><span class='ocrx_word' id='word_1_127' title='bbox 200 2127 512 2208; x_wconf 88' lang='lat' dir='ltr'>complexionatum.</span> <span class='ocrx_word' id='word_1_128' title='bbox 541 2163 586 2174; x_wconf 97' lang='lat'>—</span> <span class='ocrx_word' id='word_1_129' title='bbox 609 2126 698 2189; x_wconf 91' lang='lat' dir='ltr'>Dicit</span> <span class='ocrx_word' id='word_1_130' title='bbox 721 2128 773 2190; x_wconf 92' lang='lat' dir='ltr'>hic</span> <span class='ocrx_word' id='word_1_131' title='bbox 804 2128 979 2201; x_wconf 71' lang='lat' dir='ltr'>Aureolus</span> <span class='ocrx_word' id='word_1_132' title='bbox 1004 2137 1036 2190; x_wconf 91' lang='lat' dir='ltr'>et</span> <span class='ocrx_word' id='word_1_133' title='bbox 1067 2128 1168 2197; x_wconf 83' lang='lat' dir='ltr'>bene.</span> 
     </span>
     <span class='ocr_line' id='line_1_19' title="bbox 200 2233 1171 2316; baseline 0.001 -20"><span class='ocrx_word' id='word_1_134' title='bbox 200 2235 290 2316; x_wconf 93' lang='lat' dir='ltr'>quod</span> <span class='ocrx_word' id='word_1_135' title='bbox 314 2233 395 2296; x_wconf 91' lang='lat' dir='ltr'>ratio</span> <span class='ocrx_word' id='word_1_136' title='bbox 419 2254 484 2296; x_wconf 93' lang='lat' dir='ltr'>non</span> <span class='ocrx_word' id='word_1_137' title='bbox 508 2235 602 2307; x_wconf 88' lang='lat' dir='ltr'>valet,</span> <span class='ocrx_word' id='word_1_138' title='bbox 627 2233 704 2316; x_wconf 89' lang='lat' dir='ltr'>quia</span> <span class='ocrx_word' id='word_1_139' title='bbox 719 2234 845 2296; x_wconf 89' lang='lat' dir='ltr'>nullum</span> <span class='ocrx_word' id='word_1_140' title='bbox 870 2235 1099 2298; x_wconf 88' lang='lat' dir='ltr'>inconveniens</span> <span class='ocrx_word' id='word_1_141' title='bbox 1114 2245 1171 2297; x_wconf 88' lang='lat' dir='ltr'>est</span> 
     </span>
     <span class='ocr_line' id='line_1_20' title="bbox 200 2340 1169 2423; baseline -0.001 -20"><span class='ocrx_word' id='word_1_142' title='bbox 200 2361 269 2403; x_wconf 90' lang='lat' dir='ltr'>esse</span> <span class='ocrx_word' id='word_1_143' title='bbox 292 2340 424 2421; x_wconf 92' lang='lat' dir='ltr'>aliquod</span> <span class='ocrx_word' id='word_1_144' title='bbox 448 2361 566 2422; x_wconf 93' lang='lat' dir='ltr'>corpus</span> <span class='ocrx_word' id='word_1_145' title='bbox 590 2341 731 2422; x_wconf 88' lang='lat' dir='ltr'>simplex</span> <span class='ocrx_word' id='word_1_146' title='bbox 763 2342 903 2404; x_wconf 90' lang='lat' dir='ltr'>nobilius</span> <span class='ocrx_word' id='word_1_147' title='bbox 926 2342 1073 2423; x_wconf 90' lang='lat' dir='ltr'>quolibet</span> <span class='ocrx_word' id='word_1_148' title='bbox 1096 2363 1169 2404; x_wconf 91' lang='lat' dir='ltr'>cor·</span> 
     </span>
     <span class='ocr_line' id='line_1_21' title="bbox 201 2446 1171 2530; baseline 0.002 -21"><span class='ocrx_word' id='word_1_149' title='bbox 201 2468 280 2529; x_wconf 89' lang='lat' dir='ltr'>pore</span> <span class='ocrx_word' id='word_1_150' title='bbox 304 2447 419 2520; x_wconf 89' lang='lat' dir='ltr'>mixt0‚</span> <span class='ocrx_word' id='word_1_151' title='bbox 450 2455 483 2509; x_wconf 91' lang='lat' dir='ltr'>et</span> <span class='ocrx_word' id='word_1_152' title='bbox 510 2446 593 2509; x_wconf 84' lang='lat' dir='ltr'>sorte</span> <span class='ocrx_word' id='word_1_153' title='bbox 622 2449 744 2510; x_wconf 89' lang='lat' dir='ltr'>coelum</span> <span class='ocrx_word' id='word_1_154' title='bbox 775 2458 823 2511; x_wconf 91' lang='lat' dir='ltr'>est</span> <span class='ocrx_word' id='word_1_155' title='bbox 854 2449 994 2511; x_wconf 91' lang='lat' dir='ltr'>nobilius</span> <span class='ocrx_word' id='word_1_156' title='bbox 1028 2469 1171 2530; x_wconf 89' lang='lat' dir='ltr'>corpore</span> 
     </span>
     <span class='ocr_line' id='line_1_22' title="bbox 201 2553 1171 2636; baseline 0.001 -21"><span class='ocrx_word' id='word_1_157' title='bbox 201 2553 356 2615; x_wconf 84' lang='lat' dir='ltr'>humano</span> <span class='ocrx_word' id='word_1_158' title='bbox 390 2553 423 2617; x_wconf 87' lang='lat' dir='ltr'>Si</span> <span class='ocrx_word' id='word_1_159' title='bbox 447 2575 526 2635; x_wconf 86' lang='lat' dir='ltr'>ergo</span> <span class='ocrx_word' id='word_1_160' title='bbox 556 2554 617 2616; x_wconf 90' lang='lat' dir='ltr'>ista</span> <span class='ocrx_word' id='word_1_161' title='bbox 644 2555 808 2617; x_wconf 87' lang='lat' dir='ltr'>conclusio</span> <span class='ocrx_word' id='word_1_162' title='bbox 839 2555 937 2618; x_wconf 88' lang='lat' dir='ltr'>debet</span> <span class='ocrx_word' id='word_1_163' title='bbox 960 2556 1075 2618; x_wconf 88' lang='lat' dir='ltr'>resolvi</span> <span class='ocrx_word' id='word_1_164' title='bbox 1107 2576 1171 2636; x_wconf 84' lang='lat' dir='ltr'>per</span> 
     </span>
     <span class='ocr_line' id='line_1_23' title="bbox 201 2660 1169 2743; baseline 0.003 -22"><span class='ocrx_word' id='word_1_165' title='bbox 201 2660 369 2733; x_wconf 86' lang='lat' dir='ltr'>rationem,</span> <span class='ocrx_word' id='word_1_166' title='bbox 393 2668 471 2721; x_wconf 92' lang='lat' dir='ltr'>tunc</span> <span class='ocrx_word' id='word_1_167' title='bbox 495 2660 612 2741; x_wconf 87' lang='lat' dir='ltr'>probat</span> <span class='ocrx_word' id='word_1_168' title='bbox 635 2682 708 2723; x_wconf 90' lang='lat' dir='ltr'>eam</span> <span class='ocrx_word' id='word_1_169' title='bbox 737 2662 903 2724; x_wconf 87' lang='lat' dir='ltr'>Aureolus</span> <span class='ocrx_word' id='word_1_170' title='bbox 930 2663 992 2724; x_wconf 90' lang='lat' dir='ltr'>sic:</span> <span class='ocrx_word' id='word_1_171' title='bbox 1019 2660 1169 2743; x_wconf 83' lang='lat' dir='ltr'>Quando</span> 
     </span>
     <span class='ocr_line' id='line_1_24' title="bbox 201 2766 1169 2848; baseline 0.002 -20"><span class='ocrx_word' id='word_1_172' title='bbox 201 2766 309 2848; x_wconf 90' lang='lat' dir='ltr'>aliqua</span> <span class='ocrx_word' id='word_1_173' title='bbox 340 2767 547 2828; x_wconf 90' lang='lat' dir='ltr'>inveniuntur</span> <span class='ocrx_word' id='word_1_174' title='bbox 577 2767 762 2848; x_wconf 86' lang='lat' dir='ltr'>conjuncta,</span> <span class='ocrx_word' id='word_1_175' title='bbox 787 2778 819 2831; x_wconf 91' lang='lat' dir='ltr'>et</span> <span class='ocrx_word' id='word_1_176' title='bbox 842 2769 867 2830; x_wconf 93' lang='lat' dir='ltr'>si</span> <span class='ocrx_word' id='word_1_177' title='bbox 899 2789 1001 2830; x_wconf 90' lang='lat' dir='ltr'>unum</span> <span class='ocrx_word' id='word_1_178' title='bbox 1033 2769 1169 2831; x_wconf 86' lang='lat' dir='ltr'>illorum</span> 
     </span>
     <span class='ocr_line' id='line_1_25' title="bbox 203 2873 1172 2956; baseline 0.004 -22"><span class='ocrx_word' id='word_1_179' title='bbox 203 2873 364 2935; x_wconf 90' lang='lat' dir='ltr'>invenitur</span> <span class='ocrx_word' id='word_1_180' title='bbox 387 2882 583 2954; x_wconf 86' lang='lat' dir='ltr'>separatum,</span> <span class='ocrx_word' id='word_1_181' title='bbox 607 2883 639 2937; x_wconf 91' lang='lat' dir='ltr'>et</span> <span class='ocrx_word' id='word_1_182' title='bbox 663 2875 800 2936; x_wconf 89' lang='lat' dir='ltr'>alterum</span> <span class='ocrx_word' id='word_1_183' title='bbox 824 2884 931 2956; x_wconf 92' lang='lat' dir='ltr'>potest</span> <span class='ocrx_word' id='word_1_184' title='bbox 955 2875 1089 2938; x_wconf 90' lang='lat' dir='ltr'>inveniri</span> <span class='ocrx_word' id='word_1_185' title='bbox 1117 2896 1172 2938; x_wconf 84' lang='lat' dir='ltr'>se·</span> 
     </span>
     <span class='ocr_line' id='line_1_26' title="bbox 203 2980 1169 3062; baseline 0.008 -23"><span class='ocrx_word' id='word_1_186' title='bbox 203 2989 353 3060; x_wconf 87' lang='lat' dir='ltr'>paratum</span> <span class='ocrx_word' id='word_1_187' title='bbox 378 2980 437 3041; x_wconf 91' lang='lat' dir='ltr'>nisi</span> <span class='ocrx_word' id='word_1_188' title='bbox 468 2981 509 3041; x_wconf 92' lang='lat' dir='ltr'>sit</span> <span class='ocrx_word' id='word_1_189' title='bbox 532 2981 690 3053; x_wconf 72' lang='lat' dir='ltr'>accidens</span> <span class='ocrx_word' id='word_1_190' title='bbox 723 3003 780 3062; x_wconf 89' lang='lat' dir='ltr'>per</span> <span class='ocrx_word' id='word_1_191' title='bbox 805 2981 1108 3045; x_wconf 88' lang='lat' dir='ltr'>Commentatorem</span> <span class='ocrx_word' id='word_1_192' title='bbox 1130 2981 1169 3048; x_wconf 76' lang='lat'>8.</span> 
     </span>
     <span class='ocr_line' id='line_1_27' title="bbox 202 3085 1173 3170; baseline 0.002 -21"><span class='ocrx_word' id='word_1_193' title='bbox 202 3085 304 3167; x_wconf 77' lang='lat' dir='ltr'><em>Phys.</em></span> <span class='ocrx_word' id='word_1_194' title='bbox 328 3096 360 3148; x_wconf 88' lang='lat' dir='ltr'>et</span> <span class='ocrx_word' id='word_1_195' title='bbox 381 3105 433 3148; x_wconf 86' lang='lat'>12.</span> <span class='ocrx_word' id='word_1_196' title='bbox 456 3087 629 3170; x_wconf 81' lang='lat' dir='ltr'>Metaple.‚·</span> <span class='ocrx_word' id='word_1_197' title='bbox 654 3089 711 3150; x_wconf 85' lang='lat' dir='ltr'>sed</span> <span class='ocrx_word' id='word_1_198' title='bbox 735 3089 842 3170; x_wconf 85' lang='lat' dir='ltr'>aliqua</span> <span class='ocrx_word' id='word_1_199' title='bbox 873 3089 1053 3151; x_wconf 89' lang='lat' dir='ltr'>substantia</span> <span class='ocrx_word' id='word_1_200' title='bbox 1077 3090 1173 3152; x_wconf 84' lang='lat' dir='ltr'>intel·</span> 
     </span>
     <span class='ocr_line' id='line_1_28' title="bbox 204 3192 1168 3277; baseline 0.003 -22"><span class='ocrx_word' id='word_1_201' title='bbox 204 3193 347 3255; x_wconf 90' lang='lat' dir='ltr'>lectualis</span> <span class='ocrx_word' id='word_1_202' title='bbox 371 3192 532 3255; x_wconf 89' lang='lat' dir='ltr'>invenitur</span> <span class='ocrx_word' id='word_1_203' title='bbox 555 3194 731 3275; x_wconf 88' lang='lat' dir='ltr'>conjuncta</span> <span class='ocrx_word' id='word_1_204' title='bbox 755 3195 891 3276; x_wconf 89' lang='lat' dir='ltr'>corpori,</span> <span class='ocrx_word' id='word_1_205' title='bbox 917 3196 999 3257; x_wconf 92' lang='lat' dir='ltr'>sicut</span> <span class='ocrx_word' id='word_1_206' title='bbox 1022 3205 1114 3277; x_wconf 87' lang='lat' dir='ltr'>patet</span> <span class='ocrx_word' id='word_1_207' title='bbox 1134 3197 1168 3259; x_wconf 90' lang='lat' dir='ltr'>in</span> 
     </span>
     <span class='ocr_line' id='line_1_29' title="bbox 205 3299 1172 3385; baseline 0.004 -24"><span class='ocrx_word' id='word_1_208' title='bbox 205 3299 347 3374; x_wconf 86' lang='lat' dir='ltr'>homine,</span> <span class='ocrx_word' id='word_1_209' title='bbox 371 3309 404 3362; x_wconf 91' lang='lat' dir='ltr'>et</span> <span class='ocrx_word' id='word_1_210' title='bbox 434 3321 570 3382; x_wconf 87' lang='lat' dir='ltr'>corpora</span> <span class='ocrx_word' id='word_1_211' title='bbox 593 3302 801 3363; x_wconf 88' lang='lat' dir='ltr'>inveniuntur</span> <span class='ocrx_word' id='word_1_212' title='bbox 831 3312 980 3383; x_wconf 88' lang='lat' dir='ltr'>separata</span> <span class='ocrx_word' id='word_1_213' title='bbox 1002 3303 1086 3365; x_wconf 91' lang='lat' dir='ltr'>sicut</span> <span class='ocrx_word' id='word_1_214' title='bbox 1109 3324 1172 3385; x_wconf 75' lang='lat' dir='ltr'>pa·</span> 
     </span>
     <span class='ocr_line' id='line_1_30' title="bbox 204 3406 1171 3492; baseline 0.004 -24"><span class='ocrx_word' id='word_1_215' title='bbox 204 3415 252 3468; x_wconf 92' lang='lat' dir='ltr'>tet</span> <span class='ocrx_word' id='word_1_216' title='bbox 274 3407 307 3468; x_wconf 91' lang='lat' dir='ltr'>in</span> <span class='ocrx_word' id='word_1_217' title='bbox 332 3406 454 3489; x_wconf 90' lang='lat' dir='ltr'>lapide;</span> <span class='ocrx_word' id='word_1_218' title='bbox 486 3428 565 3489; x_wconf 87' lang='lat' dir='ltr'>ergo</span> <span class='ocrx_word' id='word_1_219' title='bbox 589 3408 811 3470; x_wconf 86' lang='lat' dir='ltr'>intellectualis</span> <span class='ocrx_word' id='word_1_220' title='bbox 842 3409 901 3471; x_wconf 92' lang='lat' dir='ltr'>erit</span> <span class='ocrx_word' id='word_1_221' title='bbox 929 3429 1044 3490; x_wconf 89' lang='lat' dir='ltr'>perse</span> <span class='ocrx_word' id='word_1_222' title='bbox 1075 3431 1171 3492; x_wconf 87' lang='lat' dir='ltr'>sepa·</span> 
     </span>
     <span class='ocr_line' id='line_1_31' title="bbox 205 3513 1173 3599; baseline 0.006 -25"><span class='ocrx_word' id='word_1_223' title='bbox 205 3521 274 3575; x_wconf 90' lang='lat' dir='ltr'>rata</span> <span class='ocrx_word' id='word_1_224' title='bbox 297 3513 365 3575; x_wconf 92' lang='lat' dir='ltr'>sine</span> <span class='ocrx_word' id='word_1_225' title='bbox 388 3534 524 3596; x_wconf 91' lang='lat' dir='ltr'>corpore</span> <span class='ocrx_word' id='word_1_226' title='bbox 547 3515 597 3576; x_wconf 87' lang='lat' dir='ltr'>vel</span> <span class='ocrx_word' id='word_1_227' title='bbox 620 3516 818 3595; x_wconf 87' lang='lat' dir='ltr'>quantitate;</span> <span class='ocrx_word' id='word_1_228' title='bbox 835 3524 868 3577; x_wconf 91' lang='lat' dir='ltr'>et</span> <span class='ocrx_word' id='word_1_229' title='bbox 885 3515 955 3578; x_wconf 84' lang='lat' dir='ltr'>haec</span> <span class='ocrx_word' id='word_1_230' title='bbox 971 3516 1031 3578; x_wconf 91' lang='lat' dir='ltr'>erit</span> <span class='ocrx_word' id='word_1_231' title='bbox 1054 3517 1173 3599; x_wconf 88' lang='lat' dir='ltr'>Ange·</span> 
     </span>
     <span class='ocr_line' id='line_1_32' title="bbox 205 3620 265 3681; baseline 0.017 -1"><span class='ocrx_word' id='word_1_232' title='bbox 205 3620 265 3681; x_wconf 79' lang='lat' dir='ltr'>lus</span> 
     </span>
    </p>
   </div>
   <div class='ocr_carea' id='block_1_3' title="bbox 0 0 1334 4267">
    <p class='ocr_par' dir='ltr' id='par_1_3' title="bbox 0 0 1334 4267">
     <span class='ocr_line' id='line_1_33' title="bbox 0 0 1334 4267; baseline 0 0"><span class='ocrx_word' id='word_1_233' title='bbox 0 0 1334 4267; x_wconf 95' lang='lat' dir='ltr'> </span> 
     </span>
    </p>
   </div>
  </div>
 </body>
</html>
