2634 4267
326 268 512 330 Drsrmcr.
537 267 618 329 XXI
644 266 790 348 QUAEsT.
815 268 860 330 ΙΙΙ
1005 270 1067 349 '317

192 474 282 537 Dico
305 494 385 555 ergo
407 473 497 555 quod
521 473 627 554 potuit
659 494 793 553 peccare
824 473 998 538 venialiter.
1024 473 1092 536 Ubi

120 582 312 643 notandum
335 581 425 662 quod
459 588 630 661 peccatum
666 580 803 641 mortale
837 578 1044 661 distinguitur
1071 601 1093 643 a

120 688 243 750 veniali
275 688 308 749 in
343 687 405 750 hoc
439 687 529 769 quod
565 696 735 768 peccatum
769 687 906 749 mortale
922 697 977 775 ¹est
1001 687 1092 749 deor·

121 795 251 857 dinatio
275 794 425 876 opposita
448 793 643 857 ordinationi
668 794 735 855 sine
760 814 824 875 qua
840 792 912 856 finis
935 794 1090 875 consequi

121 924 190 966 non
215 910 326 983 potest
360 902 469 983 aliquo
504 902 614 974 mod0,
649 909 682 962 et
716 900 776 962 ista
811 901 971 963 ordinatio
1003 901 1093 963 cadit.

121 1010 184 1071 sub
209 1016 388 1090 praecepto.
406 1008 471 1074 Sed
487 1017 659 1089 peccatum
676 1008 800 1069 veniale
819 1016 867 1069 est
887 1007 1090 1070 deordinatio
1123 1078 1126 1084 ¹

121 1116 279 1197 opposita
302 1114 496 1177 ordinationi
523 1134 598 1195 quae
635 1135 700 1176 non
735 1124 783 1177 est
818 1114 993 1177 necessaria
1017 1114 1090 1176 sim·

120 1223 251 1304 pliciter
273 1222 316 1283 ad
339 1222 604 1303 consequendum
632 1220 741 1294 finem,
777 1230 824 1283 est
859 1228 968 1283 tamen
993 1222 1087 1297 utilis,

120 1339 154 1392 et
177 1329 254 1391 talis
277 1329 395 1390 cadens
418 1328 460 1390 ab
483 1328 595 1390 ordine
619 1338 733 1409 peccat
759 1327 934 1393 venialiter.
960 1329 1003 1390 Et
1027 1329 1090 1390 isto

120 1437 227 1499 modo
251 1435 365 1497 Adam
389 1435 498 1516 potuit
521 1455 655 1516 peccare
678 1435 854 1497 venialiter.

189 1651 257 1716 Εἰ
292 1653 397 1715 turm
439 1651 504 1715 ad
533 1649 734 1732 primum
772 1652 1088 1730 armamentum

119 1758 255 1821 alterius
282 1757 445 1838 opinionis
468 1756 541 1819 dico
564 1756 654 1838 quod
682 1755 834 1837 quamvis
861 1756 999 1817 mortale
1023 1776 1088 1818 non

119 1864 226 1947 possit
245 1873 330 1925 stare
345 1884 420 1926 cum
437 1863 621 1925 innocentia
636 1871 669 1924 et
686 1883 818 1924 summa
834 1862 1026 1924 rectitudine
1042 1884 1091 1924 ra-

119 1971 229 2045 tionis,
254 1970 378 2032 veniale
393 1978 503 2032 tamen
521 1978 637 2051 potest,
654 1971 731 2049 quia
752 1990 817 2031 non
842 1977 971 2030 tantum
996 1990 1087 2049 repu-

121 2088 213 2161 gnat.
227 2115 271 2123 —
295 2078 343 2140 Et
355 2077 387 2139 si
400 2077 535 2159 objicias
546 2077 636 2158 quod
648 2076 762 2138 eadem
778 2076 902 2139 ratione
915 2085 1083 2157 peccatum

120 2175 248 2247 veniale
272 2193 379 2265 potest
403 2194 487 2245 stare
510 2203 585 2245 cum
609 2183 810 2245 beatitudine
833 2203 876 2244 ex
896 2203 963 2263 quo
979 2192 1087 2263 potest

119 2301 207 2354 stare
230 2311 306 2351 cum
341 2311 470 2352 summa
504 2290 695 2352 rectitudine
729 2289 870 2364 rationis,
894 2289 965 2351 dicu
995 2290 1088 2369 quod

120 2419 188 2461 non
213 2397 308 2470 valet,
332 2397 408 2478 quia
424 2396 537 2458 beatus
554 2396 652 2457 habet
668 2405 870 2477 praeceptum
895 2396 935 2457 de
958 2415 1085 2476 semper

119 2503 345 2567 continuando
367 2512 477 2565 actum
502 2502 669 2573 fruitionis,
705 2523 770 2563 non
806 2501 996 2564 divertendo
1020 2522 1084 2563 non

119 2612 229 2674 solum
252 2611 295 2672 ad
318 2610 515 2691 oppositum,
539 2611 596 2672 sed
619 2610 716 2671 etiam
741 2630 800 2671 nec
827 2609 868 2671 ad
896 2617 1005 2670 actum
1030 2609 1087 2670 de-

119 2725 307 2799 speratum3
331 2716 388 2779 sed
411 2716 525 2778 viatori
542 2716 667 2777 nullum
685 2725 887 2798 praeceptum
903 2715 967 2777 tale
990 2715 1085 2777 datur

119 2826 162 2887 ad
188 2824 296 2885 minus
319 2828 481 2904 quantum
504 2823 546 2884 ad
569 2833 679 2885 actum
704 2823 920 2904 desperatum.

186 2930 246 2992 Ad
265 2930 452 3002 secundum,
480 2950 566 3011 nego
589 2930 756 3003 minorem,
781 2950 856 2991 nam
875 2929 952 2990 levis
973 2939 1084 2990 motus

120 3058 177 3119 per
204 3037 448 3118 subreptionem
477 3036 560 3097 circa
594 3036 765 3097 articulum
800 3034 874 3097 fidei
909 3044 956 3097 est
991 3036 1084 3097 deor-

119 3144 245 3207 dinatio
286 3142 318 3205 in
360 3143 479 3205 virtute
520 3143 675 3224 superiori
713 3152 745 3204 et
783 3151 893 3204 tamen
932 3162 997 3204 non
1036 3150 1086 3203 est

121 3251 268 3313 mortale.

185 3467 247 3529 Ao
275 3478 538 3527 ancuuanrun
574 3480 800 3540 numerumn,
825 3465 898 3527 dico
932 3463 1022 3545 quod
1057 3462 1081 3523 si

119 3582 284 3655 peccasset
307 3579 442 3653 peccato
465 3572 591 3646 veniali,
617 3572 782 3635 habuisset
816 3572 957 3653 aliquam
984 3569 1082 3631 aliam

118 3700 254 3763 poenam
278 3698 488 3760 quaecunque
512 3680 564 3741 illa
587 3679 636 3741 sit.
