2634 4267
320 278 515 345 D1suucr.‘
532 279 595 341 XII
621 277 767 360 Qunsr.
792 280 807 342 Ι
985 295 1047 358 233

116 481 160 544 lis
184 483 223 546 sit
253 484 358 546 solum
393 484 480 547 idem
515 486 605 567 quod
639 483 754 560 forma,
791 505 856 549 non
892 485 1072 547 remanebit

127 589 297 670 subjectum
319 591 417 653 aliud.

188 695 306 772 Quarto
317 697 377 760 sic:
392 697 588 780 principium
602 698 803 780 receptivum
820 707 868 760 est
880 698 1072 761 distinctum

126 803 239 866 realiter
261 825 281 866 a
303 805 462 887 principio
486 814 626 887 recepto,
651 805 728 886 quia
759 806 846 868 idem
870 826 936 868 non
961 805 1073 887 recipit

124 928 171 984 se;
192 912 245 974 sed
268 911 463 993 principium
488 912 689 993 receptivum
713 921 761 975 est
778 912 921 986 materia,
938 921 970 974 et
986 912 1073 994 prin-

124 1014 236 1097 cipium
259 1027 427 1099 receptum
450 1027 499 1081 est
521 1016 644 1094 forma3
670 1039 760 1100 ergo.

185 1123 284 1187 Addo
308 1125 350 1186 ad
366 1125 454 1186 idem
471 1125 552 1188 duas
568 1125 717 1190 rationes,
730 1126 846 1188 Primo
861 1125 923 1188 sic:
941 1126 1074 1207 quando

124 1248 219 1291 unum
233 1240 343 1293 manet
354 1232 455 1293 altero
471 1253 537 1294 non
554 1241 716 1306 manente,
733 1232 785 1294 illa
802 1253 868 1294 non
884 1241 959 1295 sunt
976 1233 1073 1311 idem;

121 1336 177 1397 sed
199 1346 348 1399 manente
371 1337 513 1412 materia,
531 1337 636 1401 forma
652 1347 759 1420 potest
775 1339 939 1420 corrumpi
960 1349 992 1400 et
1008 1359 1073 1402 non

122 1463 263 1519 manere;
287 1465 377 1526 ergo.
395 1443 541 1508 Secundo
555 1445 618 1507 sic:
635 1446 725 1526 quod
742 1446 1006 1528 praesupponitur
1023 1467 1075 1528 ge·

120 1551 283 1624 nerationi,
308 1572 375 1613 non
398 1560 447 1613 est
469 1551 556 1614 idem
574 1572 650 1614 cum
664 1572 704 1614 eo
721 1553 811 1633 quod
827 1551 1002 1634 acquiritur
1019 1573 1075 1634 per

121 1658 359 1736 generationem
366 1677 374 1733 ;
403 1658 459 1720 sed
487 1659 621 1721 materia
648 1659 914 1741 praesupponitur
943 1680 1075 1741 genera-

119 1763 207 1838 tioni,
231 1763 336 1827 forma
359 1785 437 1826 vero
460 1766 654 1846 acquiritur;
679 1786 767 1848 ergn.

184 1871 357 1943 Prceterea,
378 1871 551 1934 Avicenna
562 1890 597 1954 5.
614 1871 761 1953 Metaplt.
779 1893 805 1936 c.
826 1890 861 1954 5.
874 1873 971 1954 quasi
988 1873 1076 1935 circa

114 1977 326 2059 principium,
354 1978 408 2039 ait:
434 1979 567 2040 materia
591 1999 656 2040 non
680 1988 727 2040 est
756 1979 787 2040 in
811 1978 926 2041 effectu
944 1979 1002 2041 uisi
1020 2000 1076 2062 per

121 2080 267 2159 formam,
293 2082 398 2147 forma
413 2105 490 2147 vero
506 2093 554 2146 est
582 2086 750 2167 quoddam
779 2086 866 2148 aliud
889 2107 909 2148 a
932 2086 1074 2160 materia,

120 2198 151 2252 et
174 2211 275 2253 unum
300 2211 366 2254 non
389 2199 437 2253 est
459 2191 556 2253 aliud.

191 2406 417 2492 Quantum
431 2407 495 2472 ad
505 2407 747 2472 secundum
765 2405 1016 2472 Articulum
1029 2415 1078 2469 est

119 2513 296 2577 videndum
312 2513 416 2594 qualis
438 2513 556 2575 entitas
571 2521 619 2574 est
634 2514 750 2576 entitas
767 2514 921 2575 materiae.
944 2514 988 2575 Et
1004 2514 1077 2575 dico

120 2621 207 2701 quod
231 2629 281 2682 est
302 2620 420 2683 entitas
442 2619 474 2680 in
499 2620 653 2701 potentia.
672 2619 737 2684 Sed
754 2619 817 2683 hoc
833 2620 1003 2702 dupliciter
1019 2641 1078 2702 po·

119 2735 180 2790 test
202 2727 337 2809 intelligi
361 2726 541 2789 secundum
566 2727 655 2807 quod
679 2727 804 2809 duplex
838 2736 887 2789 est
922 2727 1077 2809 potentia,

121 2834 241 2898 scilicet
251 2834 406 2917 objectiva
418 2842 450 2895 et
465 2832 653 2915 subjectiva.
669 2834 805 2896 Materia
824 2843 933 2895 autem
948 2854 990 2895 ex
1011 2853 1078 2914 quo

122 2943 281 3021 producta
292 2949 340 3003 est
353 2960 419 3002 non
431 2947 480 3002 est
499 2939 530 3001 in
544 2941 691 3021 potentia
704 2940 874 3021 objectiva,
888 2941 944 3002 sed
957 2940 1080 3020 subjec-

121 3049 184 3111 tiva
206 3056 242 3111 et
266 3057 302 3110 ut
324 3047 369 3109 sic
392 3055 441 3109 est
463 3047 561 3109 etiam
583 3046 616 3108 in
632 3055 717 3109 actu.
736 3046 800 3110 Sed
816 3055 864 3108 est
880 3046 1079 3128 distinguen-

122 3155 196 3218 dum
222 3155 265 3217 de
288 3163 373 3237 actu,
397 3153 474 3235 quia
496 3163 588 3216 actus
611 3161 659 3215 est
688 3153 821 3234 duplex,
846 3151 964 3214 scilicet
988 3161 1080 3214 actus

114 3262 274 3342 formalis
296 3261 352 3342 qui
375 3259 537 3335 informat,
562 3269 594 3321 et
617 3269 709 3321 actus
724 3259 926 3322 eutr'tatz'vus.
944 3259 1081 3320 Materia

122 3389 193 3432 vero
218 3389 287 3431 non
311 3367 389 3429 dicit
410 3381 520 3429 actum
544 3366 652 3448 primo
688 3368 788 3428 modo
812 3374 992 3446 sumptum,
1024 3365 1081 3426 sed

123 3477 263 3539 secundo
276 3473 388 3548 m0d0,
401 3482 433 3537 et
448 3483 527 3536 tunc
549 3482 598 3535 est
613 3473 822 3554 probandum
840 3472 930 3553 quod
948 3471 1082 3533 materia

124 3582 195 3645 dicit
217 3582 390 3646 entitatem
414 3580 598 3643 distinctam
622 3601 641 3642 a
665 3579 779 3651 forma,
804 3578 894 3659 quod
925 3577 1082 3659 probatur

125 3707 252 3768 persex
276 3686 417 3750 rationes
440 3685 541 3749 lactas
564 3686 596 3748 in
621 3704 650 3748 1.
675 3686 779 3747 Artic.
804 3692 916 3746 contra
940 3683 1080 3765 primam
