2634 4267
279 300 344 367 374
522 286 596 349 Lra.
620 286 651 349 ΙΙ
675 252 971 349 Saursnrraaurr

256 502 464 574 conceptum,
488 490 565 573 quia
588 491 620 553 in
655 490 807 553 omnibus
831 490 1033 554 contrahitur
1064 491 1199 573 iniquitas

255 620 299 663 ex
323 599 447 672 Adam,
472 608 503 661 et
527 598 693 660 vinculum
712 597 834 661 mortis.
857 599 998 672 -Item,
1011 598 1198 679 Augustinus

256 708 296 769 de
317 706 398 768 Fide
420 707 468 768 ad
487 705 632 777 Petrum,
657 703 838 766 firmissime
873 715 947 767 tene
982 715 1015 768 et
1036 704 1199 766 nullatenus

256 814 385 876 dubites
408 832 541 874 omnem
564 812 621 892 qui
645 831 702 892 per
725 812 917 873 concubitus
942 811 1078 873 hominis
1091 822 1119 873 et
1132 832 1201 872 mu-

257 920 340 982 lieris
362 918 543 1000 concipitur
578 939 653 979 cunr
690 919 837 1001 originali
873 927 1010 999 peccato
1043 919 1128 980 nasci.
1160 954 1199 962 -

258 1027 351 1101 Item,
376 1025 585 1107 Augustinus
607 1025 643 1087 in
669 1024 723 1087 lib.
747 1045 777 1087 2.
803 1026 842 1087 de
872 1025 970 1105 Bapt.
1001 1026 1199 1107 paruulorum

258 1134 371 1197 Adam
396 1141 528 1214 propter
551 1131 739 1193 imitationis
763 1132 955 1212 exemplum
980 1130 1150 1194 tabeficavit
1169 1130 1196 1193 in

257 1261 291 1304 se
314 1259 428 1302 omnes
452 1240 492 1300 de
515 1259 573 1300 sua
596 1238 695 1319 stirpe
719 1247 884 1329 venturos.

227 1370 231 1377 ’
323 1347 486 1411 Prceterca
504 1356 565 1426 per
587 1332 761 1407 ratidizem:
784 1354 956 1426 peccatum
981 1344 1126 1426 originale
1145 1341 1196 1404 sor·

259 1453 383 1516 maliter
406 1461 454 1514 est
469 1451 610 1514 carentia
630 1450 764 1531 justitiae
789 1451 961 1532 originalis,
988 1460 1024 1513 ut
1047 1450 1139 1513 visum
1157 1457 1196 1510 est

258 1560 294 1623 in
319 1578 348 1623 Ι.
374 1560 465 1621 Art:
490 1559 547 1621 sed
571 1578 685 1620 omnes
720 1558 937 1619 communiter
973 1557 1134 1639 propagati
1153 1576 1196 1617 ca·

258 1674 330 1729 rent
349 1666 472 1747 justitia
495 1664 659 1747 originali:
684 1684 764 1746 ergo
788 1684 901 1726 omnes
924 1665 1117 1726 contrahunt
1136 1682 1196 1745 pec·

259 1783 380 1836 catum.

325 1988 385 2050 Ao
421 2000 564 2050 Parnon
588 2000 805 2049 PRINCIPALE
842 1994 949 2067 potest
980 1986 1043 2048 dici
1069 1984 1148 2067 quod
1167 1982 1194 2043 il-

258 2095 314 2158 lud
337 2104 386 2157 est
409 2115 522 2156 verum
547 2094 588 2155 de
611 2102 746 2175 peccato
769 2094 896 2155 actuali.
923 2093 957 2156 Si
987 2103 1094 2156 autern
1125 2091 1197 2153 intel-

259 2204 377 2284 ligatur
400 2202 441 2263 de
464 2210 599 2282 peccato
622 2200 779 2281 originali,
805 2200 878 2262 dico
902 2201 993 2280 quod
1010 2222 1075 2263 non
1090 2202 1198 2281 oportet

259 2318 430 2392 peccatum
455 2308 640 2388 simpliciter
663 2327 732 2369 esse
745 2306 965 2369 voluntarium
980 2306 1108 2370 habenti
1126 2304 1197 2375 illud,

259 2417 314 2479 sed
338 2436 407 2477 esse
429 2415 649 2477 voluntarium
674 2414 725 2475 isti
748 2415 799 2477 vel
823 2414 866 2476 illi
889 2435 988 2495 aquo
1011 2412 1198 2476 contrahitur.

259 2524 341 2585 lllud
365 2531 474 2584 autern
499 2520 559 2583 fuit
582 2522 802 2583 voluntarium
826 2520 915 2583 Adae
939 2542 958 2582 a
981 2542 1049 2601 quo
1065 2516 1201 2583 contrahi-

258 2639 311 2692 tur
326 2629 377 2692 vel
401 2637 605 2690 contractum
629 2636 686 2689 est.
732 2708 737 2717 ὦ

325 2736 384 2797 Ad
403 2735 578 2797 secundum
604 2734 730 2800 'eodem
756 2734 856 2796 modo
891 2734 965 2796 dico
988 2735 1078 2815 quod
1112 2731 1201 2807 nullus

260 2852 374 2924 peccat
396 2842 429 2905 in
452 2828 491 2903 eo
515 2842 605 2922 quod
628 2841 730 2903 vitare
754 2862 820 2903 non
845 2850 952 2922 potest
967 2850 1027 2903 aut
1050 2842 1081 2903 in
1104 2860 1143 2913 se,
1157 2845 1204 2901 aut

259 2950 292 3011 in
323 2950 402 3024 alio;
427 2948 534 3030 potuit
564 2957 674 3009 autern
700 2948 762 3009 hoc
797 2948 898 3010 vitare
922 2948 954 3010 in
979 2948 1058 3022 ali0,·
1088 2955 1161 3029 puta
1178 2932 1203 3005 in

260 3057 373 3118 Adam
398 3056 423 3118 si
448 3075 513 3117 non
538 3062 711 3135 peccasset.

326 3163 385 3224 Ad
404 3161 535 3224 tertium
571 3162 745 3242 respondet
769 3160 925 3241 Magister
953 3172 1022 3242 cap.
1046 3158 1102 3223 8„-
1125 3158 1164 3221 ait
1181 3177 1203 3219 e-

260 3268 327 3330 nirn
352 3268 561 3331 contendenti
584 3267 723 3347 Julian0‚
759 3287 849 3329 sacra
873 3267 1003 3348 pagina,
1040 3288 1096 3348 per
1119 3282 1203 3327 unum

261 3385 432 3455 peccatum
456 3375 586 3436 intravit
603 3374 634 3435 in
659 3374 821 3435 mundum
840 3394 936 3447 mors
962 3394 1019 3455 per
1044 3372 1204 3435 uniusino-

260 3482 466 3555 bedientiam,
491 3490 528 3543 ut
550 3480 595 3543 ait
619 3481 812 3562 Apostolus.
837 3516 882 3527 -
905 3480 1012 3542 Aliter
1036 3488 1142 3563 potest
1153 3476 1203 3539 dici

260 3588 350 3665 quod
374 3598 534 3666 quantum
547 3587 588 3649 ad
602 3588 775 3661 materiale,
797 3588 953 3669 originale
965 3598 1013 3650 est
1029 3610 1048 3650 a
1072 3593 1202 3670 parente3

260 3691 317 3749 sed
340 3700 500 3769 quantum
525 3692 566 3752 ad
590 3691 726 3753 formale
761 3714 826 3755 non
851 3694 950 3756 habet
980 3714 1112 3757 causam
1135 3689 1201 3774 posi·
