2634 4267
390 333 577 394 Drsrrner.
602 331 647 392 111
672 328 817 410 Qunsr.
843 330 857 391 1
1061 347 1107 409 99
1171 380 1174 390 ,

152 539 271 620 aliquo
287 537 357 600 sine
374 535 517 623 materia.
535 534 600 598 Sed
615 533 735 596 animae
760 542 793 596 et
815 535 922 616 angeli
945 535 1126 598 secundum

155 654 309 708 nostram
335 642 433 705 fidem
458 642 625 724 patiuntur
648 640 796 722 passione
820 640 912 716 reali;
936 661 1024 723 erg0.

226 751 310 813 Item
346 749 481 812 secundo
515 749 576 810 sic:
609 746 686 808 nihil
710 755 759 808 est
789 768 846 828 per
875 767 910 808 se
940 748 972 810 in
1004 768 1121 830 genere

151 857 352 920 substantiae
376 857 435 918 nisi
469 854 688 936 compositum
712 874 754 915 ex
790 853 923 916 materia
946 863 979 916 et
1010 853 1127 928 forma,

150 964 342 1035 secundum
366 963 516 1024 Boetium
539 972 635 1042 super
655 960 851 1023 Praedicam.
870 960 905 1022 in
928 972 1126 1036 commento,·

149 1071 216 1133 sed
240 1069 376 1151 angelus
398 1078 447 1131 est
463 1089 519 1151 per
534 1089 569 1130 se
585 1069 616 1130 in
633 1066 887 1150 praedicamento
911 1067 1100 1130 substantiae
1116 1089 1124 1143 ;

151 1197 251 1259 ergo.

233 1283 339 1346 Tertio
362 1291 505 1364 arguunt
534 1282 633 1363 aliqui
665 1283 726 1344 sic:
759 1280 918 1364 quidquid
951 1290 999 1344 est
1022 1302 1125 1344 unum

148 1411 200 1452 ex
226 1389 456 1468 conjunctione
480 1389 634 1470 potentiae
657 1398 690 1451 et
713 1398 813 1462 actus,
831 1397 879 1450 est
902 1389 1122 1470 compositum

158 1518 204 1559 ex
234 1495 369 1557 materia
396 1503 430 1556 et
455 1495 577 1571 forma;
606 1497 662 1558 sed
690 1495 825 1577 angelus
841 1504 889 1557 est
916 1495 1120 1576 hujusmodi;

154 1623 253 1685 ergo.
639 1601 642 1607 ’

224 1710 291 1771 Ista
315 1709 396 1770 ratio
427 1709 554 1770 videtur
586 1707 665 1770 mihi
697 1728 830 1789 peccare
861 1708 892 1770 in
917 1708 1038 1790 majori
1069 1729 1127 1790 per

138 1815 333 1898 fallaciam
356 1813 582 1896 consequentis,
610 1815 687 1896 quia
711 1815 783 1896 plus
799 1836 832 1877 se
856 1815 954 1877 habet
978 1816 1126 1896 potentia

153 1932 189 1985 et
213 1931 316 1995 actus,
341 1942 441 2002 quarn
468 1921 646 1984 materiaet
670 1921 783 1996 sorma,
808 1921 884 2002 quia
907 1932 998 1984 actus
1021 1932 1053 1984 et
1068 1944 1121 2003 po·

150 2029 258 2091 tentia
292 2028 442 2090 ambiunt
475 2049 573 2090 omne
604 2049 707 2110 genus
750 2027 840 2102 entis,
878 2029 1011 2091 materia
1045 2049 1123 2091 vero

147 2144 188 2198 et
212 2134 320 2196 forma
343 2154 419 2196 non.

223 2236 272 2308 Si
283 2239 370 2325 quas
383 2238 466 2307 vult
478 2243 601 2309 tenere
617 2242 712 2303 istam
729 2241 905 2303 secundam
918 2241 1117 2322 opinionem,

145 2369 231 2430 quae
257 2332 331 2409 meo
359 2347 481 2428 judicio
504 2357 552 2409 est
584 2348 791 2428 probabilior,
816 2357 923 2429 potest
946 2348 1051 2410 dicere
1074 2350 1115 2410 ad

145 2463 352 2536 argumenta
375 2453 504 2516 alterius
527 2453 704 2535 opinionis:
761 2455 762 2465 ’

221 2560 282 2622 Ad
296 2560 443 2640 primum
466 2559 582 2623 dicitur
610 2560 790 2641 dupliciter.
814 2561 929 2623 Primo
953 2561 1006 2636 sic,
1031 2561 1122 2642 quod

146 2666 276 2745 deficit,
300 2667 524 2748 quiaangelus
539 2676 571 2729 et
587 2668 696 2730 anima
719 2688 785 2729 non
808 2669 914 2730 solum
939 2667 1121 2749 intelligunt

144 2773 334 2836 universale
356 2781 389 2835 et
419 2772 639 2847 immateriale,
664 2774 721 2836 sed
744 2775 842 2836 etiam
873 2775 1065 2856 particulare
1089 2784 1121 2836 et

150 2879 328 2941 materiale.
354 2878 499 2942 Secundo
522 2858 630 2942 delicit
646 2880 729 2943 sicut
744 2881 821 2943 dicit
838 2880 1031 2944 Guillelrnus
1047 2902 1117 2943 cor-

150 2995 263 3068 reptor
287 2985 436 3060 Thomae,
453 2986 529 3068 quia
545 2995 602 3048 aut
617 2986 765 3069 intelligit
781 2987 813 3049 in
830 2987 958 3070 majori,
975 2989 1016 3050 de
1028 2989 1121 3050 oanni

150 3093 246 3155 modo
268 3093 473 3173 operationis
497 3103 555 3155 aut
584 3093 625 3155 de
648 3094 767 3175 aliquo.
794 3094 827 3158 Si
853 3095 894 3157 de
917 3094 1017 3169 omni,
1042 3103 1121 3157 tunc

143 3198 331 3281 propositio
346 3207 395 3261 est
411 3198 498 3274 falsa,
522 3199 599 3282 quia
616 3201 734 3263 modus
756 3201 951 3282 operationis
967 3211 1016 3264 est
1038 3210 1122 3263 tran-

144 3306 246 3379 siens,
263 3306 320 3368 sed
344 3306 462 3368 modus
477 3306 666 3369 substantiae
683 3317 731 3370 est
748 3328 890 3370 manens,
912 3308 946 3372 Si
970 3308 1121 3390 intelligit

146 3412 193 3475 de
223 3413 333 3493 aliquo
357 3413 467 3486 modo,
500 3422 557 3475 aut
580 3414 621 3476 de
645 3414 704 3476 illo
729 3414 838 3488 modo,
862 3425 920 3477 aut
943 3416 985 3477 de
1007 3415 1121 3497 aliquo

145 3519 226 3581 alio,
252 3518 286 3582 Si
302 3518 343 3581 de
358 3518 432 3592 alio,
449 3519 623 3582 tuncnihil
640 3521 682 3582 ad
699 3520 924 3602 propositum;
948 3521 973 3583 si
989 3522 1031 3584 de
1055 3521 1119 3595 illo,

143 3635 227 3689 tunc
250 3625 332 3708 petit
362 3625 568 3708 principium.
594 3627 638 3689 Et
654 3627 708 3689 illa
735 3636 784 3690 est
800 3627 852 3689 via
872 3627 1060 3710 Philosophi
1084 3649 1115 3701 Ι,

147 3732 259 3800 pror.
284 3742 399 3796 contra
422 3731 494 3795 illos
528 3733 584 3814 qui
620 3734 773 3796 dicebant
808 3735 1010 3796 voluntatem
1045 3735 1120 3797 sirn-
