2634 4267
309 938 630 1047 Distinctio
672 936 944 1044 XXXVI.

211 1186 436 1287 Sciendum
470 1192 539 1265 est
580 1192 727 1265 tamen
761 1188 1015 1286 quadam...)
1128 1177 1134 1185 ’

304 1310 399 1375 Circa
424 1313 521 1375 istum
546 1313 634 1375 Dist.
655 1311 712 1391 36.
736 1313 917 1393 quaritur:

432 1474 607 1555 QUAEsno
633 1472 765 1535 Umcn.

214 1630 321 1686 Utrum
339 1630 430 1685 omnis
449 1632 524 1685 notio
544 1630 656 1697 agentis
674 1630 765 1685 urenti
783 1630 821 1685 slt
839 1630 869 1685 ln
887 1632 999 1696 agente.
1036 1650 1042 1660 ¹

192 1775 331 1839 Videtur
356 1776 445 1856 quod
470 1797 534 1837 non
561 1775 637 1858 quia
661 1776 746 1837 actio
769 1784 802 1836 et
826 1756 931 1856 passio
955 1783 1031 1837 sunt
1056 1796 1090 1835 u-

121 1904 185 1945 nus
203 1891 312 1943 motus
327 1904 368 1943 ex
376 1901 410 1961 j.
421 1882 541 1963 Phys,
563 1883 619 1945 sed
636 1882 743 1964 passio
759 1892 807 1944 est
823 1882 855 1943 in
869 1900 981 1964 passo;
998 1894 1106 1963 ergo'

196 1986 339 2051 Contra:
365 1990 472 2069 passio
495 1999 543 2051 est
559 1990 591 2051 in
609 2010 722 2070 passo;
746 2009 826 2070 ergo
842 1989 927 2050 actio
942 1998 991 2051 est
1007 1989 1039 2050 in
1055 2010 1089 2049 a·

124 2105 234 2178 gente,
244 2096 320 2177 quia
333 2096 418 2157 sicut
430 2096 536 2178 passio
549 2097 591 2157 ad
604 2116 747 2177 passum,
756 2096 801 2157 ita
812 2096 897 2157 actio
909 2095 951 2156 ad
963 2114 1073 2177 agens,
1100 2092 1102 2094 ’

194 2204 432 2267 RESPONDEO.
459 2203 521 2265 Hic
545 2211 620 2265 sunt
644 2203 710 2264 duo
734 2202 868 2264 articuli.
892 2202 1008 2265 Primo
1031 2224 1089 2283 po·

125 2318 249 2371 nuntur
273 2309 391 2390 aliquae
415 2309 638 2372 distinctiones
662 2309 859 2373 necessariae,
892 2308 1038 2371 Secundo
1060 2330 1091 2371 e-

126 2416 274 2479 licientur
297 2416 521 2478 conclusiones
545 2416 689 2478 intentae.

202 2628 425 2712 Quantum
443 2632 508 2695 acl
518 2629 723 2712 primum
747 2637 914 2710 ponuntur
945 2627 1090 2711 quinque

125 2735 357 2803 distinctiones.

193 2839 336 2911 Prima
353 2844 443 2924 quod
459 2844 544 2905 actio
568 2852 615 2905 est
630 2844 753 2925 duplex
770 2842 889 2905 scilicet
912 2843 997 2905 actio
1009 2863 1090 2925 prae-

127 2948 351 3012 dicamentum
368 2970 443 3031 quae
467 2950 544 3011 dicit
560 2949 784 3012 habitudinem
808 2950 977 3031 praecisam
994 2932 1105 3031 agen-¹

127 3056 168 3117 tis
191 3057 233 3118 ad
257 3077 401 3138 passum,
426 3065 458 3118 et
481 3056 566 3118 actio
589 3057 694 3119 elicita
725 3077 800 3137 quae
824 3064 873 3119 est
902 3056 1007 3117 forma
1030 3065 1091 3118 ter-

130 3162 254 3224 minata
278 3164 321 3225 ad
345 3184 487 3244 passum.

147 3352 150 3361 ,
193 3270 263 3333 Ista
286 3269 453 3332 distinctio
471 3270 639 3351 probatur,
668 3269 745 3350 quia
768 3277 850 3350 quot
880 3268 1002 3349 species
1033 3269 1090 3331 ha-

130 3376 185 3439 bet
209 3397 311 3437 unum
329 3377 555 3458 oppositorum
583 3385 633 3438 tot
657 3376 803 3437 habetet
826 3376 1005 3456 reliquum;
1033 3378 1089 3439 sed

127 3483 232 3565 passio
258 3484 434 3564 opponitur
458 3483 577 3546 actioni
601 3492 633 3545 et
657 3482 764 3564 passio
794 3482 951 3563 accipitur
983 3484 1090 3565 dupli-

129 3590 207 3652 citer
231 3590 350 3652 scilicet
382 3611 442 3672 pro
466 3590 630 3672 passsione
661 3590 703 3650 de
726 3610 844 3671 genere
878 3588 1035 3670 passionis
1057 3599 1090 3652 et

127 3716 185 3778 pro
209 3695 360 3779 passione
383 3697 424 3759 de
447 3698 542 3759 tertia
566 3696 673 3777 specie
696 3695 877 3778 qualitatis:
902 3715 981 3776 ergo
1005 3696 1090 3759 actio

128 3802 335 3867 consimiliter
358 3804 524 3886 accipitur.
