2634 4267
268 231 457 326 Drssincs.
481 265 515 327 V
539 264 690 363 Qomss.
714 251 745 329 Il
950 285 1011 351 179

431 469 674 572 Qumsnoll.

130 647 209 709 Viso
225 647 267 709 de
281 647 485 728 Angelorum
508 649 721 721 conversione,
742 660 843 712 restat
858 651 968 714 videre
993 653 1033 716 de

61 754 257 835 augelorum
282 753 459 827 aversione,
484 754 541 816 ubi
561 756 730 835 quaeritur.

110 946 221 1001 Utrum
241 946 369 1012 Angelus
388 947 514 1014 potuerit
531 949 665 1015 appetere
684 947 736 1004 nu
754 949 960 1018 oqualltatem.

126 1110 351 1173 RESPONSIO.
365 1109 528 1192 Hicvsunt
556 1111 632 1172 duae
656 1111 823 1192 opiniones
848 1114 1028 1176 contrariae.

66 1214 138 1277 Una
161 1216 243 1278 dicit
266 1216 357 1296 quod
380 1237 457 1290 non,
483 1225 515 1279 et
538 1217 695 1298 probatur

126 1323 247 1384 Primo
270 1322 335 1384 sie:
360 1323 437 1405 quia
472 1324 605 1408 angelus
629 1345 695 1386 non
719 1325 865 1405 peccavit
887 1347 930 1387 ex
956 1348 1029 1408 pas-

67 1429 151 1492 sione
176 1450 238 1491 nec
261 1449 305 1491 ex
328 1429 519 1512 ignorantia,
544 1430 621 1512 quia
649 1440 748 1511 poena
773 1452 838 1493 non
862 1435 1025 1512 praecessit

66 1535 209 1617 culpam3
234 1556 314 1617 ergo
349 1537 495 1616 peccavit
518 1557 561 1598 ex
584 1537 749 1599 electione.
787 1537 852 1601 Sed
877 1547 913 1601 ut
936 1549 1027 1621 patet

63 1660 93 1718 5.
116 1642 229 1705 Etlu'c.
253 1643 367 1705 electio
402 1664 467 1705 non
503 1653 551 1705 est
574 1644 837 1724 impossibilium;
873 1646 1028 1727 angelum

67 1757 173 1810 autem
196 1769 266 1811 esse
281 1749 441 1830 aequalem
466 1750 539 1811 Deo
554 1758 602 1811 est
625 1750 837 1831 impossibile:
862 1772 951 1833 erg0.

128 1855 276 1918 Secundo
309 1856 368 1918 sic:
393 1856 470 1917 nihil
506 1865 613 1936 potest
647 1857 798 1918 voluntas
832 1858 913 1920 velle
936 1843 1027 1940 quod

69 1961 198 2024 includit
221 1963 525 2024 contradictionem:
550 1963 607 2024 sed
631 1964 783 2044 angelum
816 1984 884 2026 esse
914 1986 1027 2046 aequa-

70 2066 127 2128 lem
151 2069 224 2130 Deo
247 2069 383 2130 includit
406 2069 714 2147 contradictionem
738 2090 827 2151 ergo.

129 2175 238 2237 Tertio
261 2176 323 2238 sic:
340 2175 417 2237 nihil
442 2185 549 2257 potest
565 2177 715 2238 voluntas
739 2177 830 2250 velle,
850 2177 908 2238 nisi
932 2179 1021 2258 prius

69 2281 106 2341 sit
127 2283 295 2362 cognitum
319 2283 499 2344 secundum
523 2283 766 2364 Augustinum;
791 2284 847 2345 sed
871 2285 1025 2365 angelum

70 2407 133 2448 esse
155 2389 314 2469 aequalem
339 2389 412 2450 Deo
437 2409 501 2450 non
537 2398 644 2470 potest
668 2390 803 2470 angelus
838 2390 1030 2478 intelligere„

70 2500 136 2554 tum
159 2496 232 2575 quia
249 2495 330 2557 ratio
353 2516 411 2557 sua
435 2516 500 2557 non
517 2505 584 2556 erat
607 2495 715 2558 adhuc
740 2497 925 2577 depravata,
953 2507 1024 2560 tum

71 2600 141 2678 quia
162 2601 305 2683 implicat
339 2589 649 2676 contradictionem;'
668 2623 756 2684 ergo.
782 2604 846 2664 lsta
870 2604 952 2666 ratio
969 2590 1024 2666 'est

71 2705 212 2768 Anselmi
233 2709 274 2770 de
295 2729 373 2770 cusu
396 2709 527 2770 diaboli.
1006 2695 1009 2702 ¹

135 2812 255 2888 Quarto
289 2815 348 2876 sic:
373 2815 461 2876 nulla
484 2823 631 2876 creatura
665 2824 772 2896 potest
795 2825 948 2896 appetere
972 2805 1023 2879 sui

72 2915 161 2997 ipsius
187 2922 457 2997 destructionem;
493 2921 549 2982 sed
580 2923 733 3003 angelum
770 2943 838 2983 esse
861 2924 1022 3003 aequalem

73 3026 146 3101 Deo,
169 3029 303 3091 includit
337 3028 491 3110 angelum
527 3049 593 3090 non
628 3049 697 3090 esse
732 3028 907 3110 angelum;
931 3051 1021 3112 ergo.

72 3130 129 3193 Ista
148 3136 229 3197 ratio
252 3144 301 3197 est
324 3135 477 3197 Anselmi
501 3135 537 3196 iu
560 3135 633 3197 Lib.
650 3135 689 3196 de
708 3121 885 3197 similibus.

129 3237 247 3308 Istam
269 3240 489 3326 Opinionem
514 3263 580 3304 non
597 3250 703 3316 teneo,
720 3241 796 3323 quia
817 3243 930 3303 multae
947 3264 1022 3305 auc-

73 3346 205 3409 toritates
228 3349 378 3410 videntur
401 3349 541 3410 clamare
558 3348 598 3409 ad
620 3349 820 3430 oppositum.
845 3348 906 3410 Ait
929 3350 1018 3410 enim

74 3449 268 3533 Augustinus
291 3455 342 3516 De
364 3454 592 3536 questionibus
623 3455 701 3517 novi
723 3476 760 3516 oc
795 3455 911 3515 ueteris
941 3455 972 3517 T
966 3467 1020 3517 est.

75 3561 152 3634 quod
173 3561 305 3622 daemon
328 3562 467 3622 elatione
490 3559 618 3622 inflatus
640 3562 743 3623 voluit
764 3561 826 3621 dici
851 3560 1021 3635 Densa—-

75 3659 216 3739 Secundo,
245 3667 320 3748 quia
348 3667 503 3748 Magister
530 3666 606 3728 dicit
630 3668 818 3749 oppositum
843 3665 879 3727 in
906 3666 1022 3728 ultimo
