2634 4267
504 912 508 923 '
527 906 571 961 IN
574 906 656 997 DEX¹
674 908 947 975 QUAESTIONUM

412 1011 597 1057 commentarii
610 1014 654 1057 rr.
669 1015 740 1059 rerer
754 1017 785 1059 ee
799 1017 894 1071 equus
909 1018 969 1062 otu.
985 1020 1038 1063 run

583 1100 752 1147 Coeron'rro
766 1105 885 1149 Semnnr

391 1191 424 1245 B.
445 1190 611 1247 JOANNIS
630 1192 736 1248 DUNS
755 1194 863 1249 SCOTI
882 1196 1085 1254 DISCIPULI

480 1298 510 1343 ln
524 1300 665 1345 seeundum
679 1300 785 1345 Librum
799 1301 995 1347 Sententiarum

652 1399 825 1423 munemne-

639 1559 791 1617 Dlstnetlo
809 1562 835 1617 1.

254 1678 350 1730 Qumer.
364 1680 385 1725 1.
427 1681 521 1725 Utrum
535 1682 622 1725 omnia
636 1683 687 1726 eliu
705 1697 720 1727 e
740 1686 821 1739 primo
842 1688 900 1730 ente
914 1688 967 1730 sint
981 1689 1013 1731 eb
1027 1689 1084 1743 ipso
1100 1689 1170 1732 sieut

414 1783 429 1814 e
443 1783 520 1817 eeuee
534 1756 652 1816 effeetire
689 1803 1128 1827 ........
1205 1777 1216 1817 l

254 1858 350 1909 Qunsr.
365 1859 397 1902 H.
425 1860 519 1903 Utrum
541 1861 641 1915 aliquid
664 1848 737 1905 eliu'd
751 1874 767 1905 e
787 1862 839 1907 Deo
859 1866 941 1918 possit
955 1867 1053 1911 esseab
1067 1880 1097 1911 eo
1112 1866 1169 1909 sine

413 1948 540 2003 principio
555 1948 701 1994 durationis
743 1982 1126 1999 .......
1192 1953 1215 1994 15

253 2036 350 2087 Quner.
365 2038 410 2081 111.
426 2039 521 2083 Utrum
534 2040 670 2094 produetio
683 2043 858 2084 ereaturarum
878 2045 1005 2097 quantum
1020 2045 1052 2087 ed
1067 2057 1167 2089 omnem

413 2129 611 2183 produetionem,
626 2132 681 2172 tem
696 2130 723 2172 in
738 2142 790 2174 esse
801 2132 868 2175 reali
889 2144 967 2186 quem
981 2133 1011 2177 in
1024 2146 1078 2179 esse
1091 2134 1166 2178 intel-

413 2218 527 2271 lectuali,
542 2218 684 2262 necessarie
697 2219 848 2264 habitudine
868 2225 1050 2276 praesupponat
1073 2224 1167 2278 predu-

413 2307 525 2351 etienem
539 2320 702 2362 personarum
744 2339 1125 2359 .......
1189 2309 1213 2352 23

254 2395 348 2446 Qurssr.
362 2396 406 2439 IV.
428 2396 522 2440 Utrum
537 2398 630 2441 relatio
650 2400 776 2443 ereeturae
789 2399 822 2442 ed
836 2398 918 2443 Deum
937 2401 972 2443 sit
995 2402 1084 2446 eedem
1105 2416 1164 2445 enm
1288 2435 1290 2480 Ι

413 2499 459 2529 suo
475 2486 643 2531 fundamento
681 2518 1124 2546 ........
1189 2488 1213 2530 ff)

254 2573 349 2625 Qumsr.
365 2575 394 2617 V.
437 2575 531 2618 Utrum
545 2578 665 2619 ereatura
678 2576 873 2631 poenitemus,
929 2607 936 2622 .
992 2609 999 2622 .
1055 2610 1062 2625 .
1119 2612 1124 2623 .
1188 2577 1211 2618 41

254 2663 348 2715 Qnmsr.
364 2664 406 2706 VI.
433 2664 528 2709 Utrum
542 2664 655 2721 Angelus
669 2667 695 2709 et
708 2666 797 2709 anime
810 2665 932 2711 differant
945 2668 1028 2721 speeie
1055 2700 1062 2714 .
1118 2700 1124 2711 .
1188 2665 1213 2706 52

627 2790 780 2847 lllstln'etle
798 2791 839 2847 11.

254 2912 347 2964 Qunsr.
361 2912 381 2954 l.
423 2912 517 2955 Utrum
532 2913 624 2969 Angeli
638 2916 766 2967 quantum
780 2914 813 2957 ed
827 2926 880 2958 esee
889 2916 915 2958 et
929 2917 1059 2967 quantum
1068 2917 1101 2959 ed
1111 2929 1163 2973 ope·

413 3002 540 3045 rationem
555 3004 737 3046 mensurentur
751 3016 805 3046 reve
819 3004 861 3047 vel
875 3005 998 3057 tempore.
1055 3035 1061 3047 .
1118 3037 1123 3048 .

253 3089 350 3141 Qnrnsr.
364 3090 398 3135 H.
426 3091 520 3134 Utrum
541 3092 655 3147 Angelus
669 3092 704 3134 sit
718 3092 746 3134 in
760 3093 816 3135 loeo
866 3122 872 3135 .
928 3123 934 3135 .
990 3123 997 3136 .
1054 3124 1060 3138 .
1114 3070 1123 3139 Ι.

253 3179 349 3230 Qunsr.
364 3179 410 3225 ΙΠ.
425 3180 520 3223 Utrum
534 3180 647 3237 Angelus
660 3181 741 3235 pessit
755 3182 853 3224 moveri
867 3182 940 3224 motu
954 3181 1032 3225 loneli
1054 3214 1060 3225 .
1117 3213 1123 3225 .

620 3306 772 3364 lllstlnetle
790 3307 847 3363 111.

253 3430 349 3481 Qumsr.
363 3430 385 3475 1.
426 3431 520 3474 Utrum
534 3430 562 3474 in
577 3432 666 3487 angelo
679 3430 715 3473 sit
728 3430 815 3485 ulique
829 3429 997 3484 eompesitio.
1054 3461 1060 3484 ,
1116 3461 1123 3475 ,
1188 3430 1211 3472 ae

254 3518 349 3571 Qunsr.
364 3519 397 3563 H.
426 3519 520 3563 Utrum
535 3518 680 3563 substantie.
702 3518 845 3563 materialis
859 3519 894 3562 sit
907 3518 1044 3563 individue
1059 3531 1106 3573 per
1119 3520 1164 3562 nli·

412 3622 490 3663 quem
505 3609 641 3652 entitatem
655 3608 782 3663 propriam
802 3607 1017 3653 determinantem
1039 3610 1162 3653 naturam

412 3696 444 3738 ed
459 3695 668 3749 singularitatem
679 3726 1121 3742 ........
1174 3696 1208 3739 rol
