2634 4267
325 257 511 319 Drsarncr.
535 254 614 316 XIII
638 253 824 334 QUAEsT.I
1004 269 1067 334 247
1102 265 1127 324 ,⁰

123 482 227 544 agens
251 461 431 543 perfectum
454 469 487 523 et
524 461 712 523 ordinatum
737 459 824 541 prius
860 461 1011 544 producit
1038 480 1090 523 su-

124 569 273 650 bjectum
296 588 395 662 quam
419 567 627 649 qualitatem.
957 559 961 567 ’

192 676 273 738 Ideo
295 684 345 739 est
366 674 429 737 alia
459 674 541 736 ratio
573 673 680 736 Basilii
703 674 785 736 talis
821 673 904 736 Illud
930 673 990 736 fuit
1024 674 1088 755 pri-

117 782 179 844 'mo
202 784 350 844 creatum
373 801 431 863 per
453 781 545 864 quod
561 781 771 862 producenda
788 780 936 844 distincte
972 801 1092 863 cogno

123 889 309 964 scebantur;
322 889 379 950 sed
392 888 455 950 hoc
478 897 547 951 erat
570 889 638 963 lux;
654 907 744 970 ergo
761 925 805 933 —-
825 889 889 951 Ista
913 887 994 949 ratio
1017 908 1092 949 con-

124 995 274 1057 firmatur
298 1016 355 1077 per
378 995 574 1078 Magistrum
590 995 647 1076 qui
671 991 749 1058 di'cit
760 1006 840 1081 capr
854 1014 884 1058 Ι.
897 993 997 1078 hujus
1013 995 1089 1057 dist.

124 1101 283 1184 Congrue
305 1102 419 1164 mundi
442 1110 576 1164 ornatus
599 1123 619 1163 a
644 1102 716 1164 luce
739 1102 841 1183 coepit
866 1101 953 1164 unde
985 1110 1090 1164 cetera

123 1229 201 1290 quac
226 1209 366 1271 creanda
389 1217 480 1270 erant
502 1207 698 1272 viderentur.

192 1313 272 1376 Alia
296 1315 378 1376 ratio
401 1323 509 1396 potest
530 1315 573 1376 ad
596 1315 684 1376 idern
708 1313 827 1376 adduci
843 1315 931 1377 talis:
948 1315 1030 1377 sicut
1041 1325 1090 1377 est

123 1420 158 1483 in
180 1421 378 1502 cognitione.
392 1420 436 1483 ita
447 1430 495 1490 est
507 1421 539 1482 in
551 1421 757 1503 operatione;
775 1421 833 1484 sed
849 1421 882 1483 in
903 1421 1089 1504 cognitione

123 1527 280 1609 incipitur
302 1528 344 1590 ab
372 1527 621 1605 universalibus;
655 1537 789 1613 ergoet
823 1527 856 1590 in
892 1529 1088 1610 operatione.

125 1634 192 1698 Sed
216 1633 426 1703 communius
448 1644 481 1697 et
504 1635 714 1698 universalius
738 1643 786 1698 est
812 1635 880 1710 lux,
904 1635 981 1716 quia
1002 1635 1035 1696 in
1051 1656 1091 1698 eo

101 1741 325 1829 ,conveniunt
347 1741 527 1822 corporalia
549 1750 582 1804 et
604 1741 797 1823 spiritualia;
821 1762 910 1823 ergo.

193 1847 262 1910 Sed
286 1847 338 1910 hic
361 1857 437 1909 sunt
460 1848 527 1909 duo
550 1849 672 1926 dubia;
690 1849 839 1930 primum
862 1848 941 1929 quid
964 1849 1005 1911 sit
1038 1848 1091 1910 illa

126 1955 204 2029 lux;
228 1954 404 2016 secundum
429 1954 508 2036 quid
531 1953 654 2017 sactum
679 1955 718 2016 sit
741 1956 782 2018 de
809 1976 857 2018 ea.

191 2060 322 2122 Dicunt
343 2060 452 2142 aliqui
472 2061 514 2122 ad
535 2061 678 2142 primunr
703 2063 793 2142 quod
810 2062 966 2144 perillam
984 2062 1090 2124 lucem

124 2166 316 2249 intelligitur
339 2176 454 2229 natura
474 2167 620 2250 angelica
644 2167 825 2232 illuminata
849 2189 907 2250 per
931 2168 1089 2251 gratiam;
1157 2158 1159 2162 ¹

125 2275 183 2336 sed
207 2273 261 2336 ille
282 2283 331 2336 est
347 2274 525 2336 intellectus
548 2274 750 2356 allegoricus
771 2295 836 2337 non
861 2275 1013 2338 litteralis,
1032 2275 1090 2338 Di·

125 2401 180 2442 cas
204 2400 284 2462 ergo
319 2380 398 2443 mihi
421 2381 501 2462 quid
534 2380 629 2443 luerit
663 2381 716 2443 illa
740 2375 798 2443 lux
833 2381 1016 2444 litteraliter.
1042 2369 1102 2443 Et'
1177 2449 1180 2457 ¹

125 2487 206 2550 dicit
228 2486 395 2549 Aureolus
417 2487 507 2568 quod
530 2487 583 2549 illa
606 2488 665 2549 lux
689 2487 767 2550 nihil
782 2488 870 2551 aliud
894 2488 989 2551 fuerit
1005 2489 1085 2551 litte·

126 2594 236 2656 raliter
259 2614 358 2674 quam
382 2593 522 2675 ipsamet
545 2595 622 2657 dies.
647 2594 713 2658 Sed
737 2595 799 2657 hoc
823 2616 889 2658 non
906 2595 1003 2658 credo
1019 2616 1088 2658 esse

126 2721 253 2774 verum,
278 2699 354 2780 quia
377 2720 442 2762 non
466 2710 515 2763 est
537 2700 756 2782 imperfectior
783 2700 888 2782 prima
905 2702 972 2764 dies
987 2723 1088 2783 quam

126 2815 309 2888 sequentes,
335 2806 398 2870 Sed
422 2807 454 2868 in
478 2807 591 2870 diebus
614 2809 825 2889 sequentibus
848 2809 1091 2890 distingueban-

126 2923 181 2975 tur
205 2912 274 2974 dies
296 2924 329 2975 et
351 2933 467 2995 opera;
491 2935 580 2997 ergo.
597 2950 642 2962 -
665 2915 742 2977 Ideo
772 2916 846 2978 dico
871 2935 946 2978 curn
982 2915 1083 2998 Magi-

127 3029 195 3081 stro
219 3019 309 3100 quod
332 3018 392 3081 suit
415 3041 533 3102 corpus
556 3021 701 3084 lucidum
726 3024 814 3085 velut
831 3023 937 3085 lucida
954 3023 1066 3084 nubes,

194 3126 255 3188 Ad
273 3127 447 3190 secundum
470 3127 606 3191 dubium
642 3129 719 3193 dicit
742 3130 898 3212 Magister
921 3129 1011 3211 quod
1035 3140 1092 3217 aut

127 3233 170 3295 de
192 3253 232 3294 eo
257 3230 316 3294 suit
339 3253 457 3314 corpus
480 3234 554 3297 solis
577 3235 764 3312 formatum,
804 3246 861 3299 aut
884 3237 916 3298 in
940 3257 978 3297 ea
1001 3246 1091 3318 parte

128 3339 203 3402 coeli
227 3348 276 3402 est
299 3340 413 3421 inqua
436 3342 483 3403 sol
507 3350 565 3414 est,
588 3351 622 3405 et
644 3344 690 3405 sic
713 3344 741 3405 ei
764 3353 812 3406 est
836 3344 925 3406 unita
958 3353 992 3405 ut
1031 3343 1091 3404 dis·

128 3447 216 3509 cerni
240 3467 307 3508 non
330 3448 446 3510 valeat.
463 3484 507 3494 -
535 3446 654 3512 Contra
678 3450 756 3512 illud
791 3451 881 3532 quod
920 3451 997 3513 dicit
1021 3451 1109 3531 Ma·-

129 3554 237 3636 gister,
262 3554 352 3634 quod
375 3555 417 3616 de
450 3554 504 3617 illa
526 3555 598 3618 luce
620 3557 662 3618 sit
696 3558 742 3619 sol
778 3557 944 3631 formatus
980 3556 1091 3636 objicit

127 3669 305 3744 Aureolus,
329 3669 406 3750 quia
428 3678 507 3732 tunc
530 3671 577 3733 sol
600 3682 684 3734 esset
699 3673 889 3754 generabilis
905 3683 938 3735 et
958 3693 1091 3754 corrup·
