2634 4267
329 313 515 374 Drsrnrcr.
540 312 570 375 ΙΙ
595 310 741 393 QuAEsr.
766 310 812 374 ΙΙΙ
1006 313 1046 390 83

92 516 255 578 Probatio
282 515 441 578 minoris:
465 516 574 578 anima
598 536 664 578 non
688 524 795 597 potest
825 515 947 577 moveri
978 536 1071 598 sepa-

94 631 163 684 rata
187 623 357 704 quamdiu
381 631 430 685 est
452 623 485 685 in
510 642 655 703 corpore,
680 622 756 703 quia
779 642 897 704 corpus
925 642 990 684 non
1022 631 1070 686 est

89 728 151 791 sibi
176 750 270 792 onus
294 730 478 791 secundum
502 711 749 811 Augustinum;
773 730 830 792 sed
853 729 933 791 dum
964 729 1068 792 estin

90 856 238 917 corpore
265 857 334 897 non
358 844 509 898 movetur
532 835 564 897 in
589 835 720 898 instanti
733 855 740 911 ;
758 856 847 916 ergo.

163 941 300 1018 Quarto
323 943 385 1005 sic:
409 942 511 1004 virtus
534 940 626 1004 finita
649 950 682 1004 et
699 940 823 1004 infinita
835 962 905 1003 non
930 950 1065 1022 possunt

89 1049 243 1130 aequari3
272 1050 328 1110 sed
352 1047 493 1131 angelus
515 1057 564 1110 est
594 1048 720 1110 virtutis
751 1047 861 1122 finitae,
894 1049 985 1110 Deus
1015 1069 1070 1110 au-

93 1163 161 1218 tem
179 1155 325 1217 infinitae
337 1155 465 1216 virtutis
480 1163 513 1216 et
530 1155 620 1216 Deus
637 1163 748 1216 movet
770 1154 802 1216 in
819 1154 967 1231 instanti;
989 1175 1069 1237 ergo

94 1281 161 1323 non
187 1262 341 1344 angelus
366 1260 442 1342 quia
467 1269 547 1323 tunc
576 1263 667 1323 Deus
701 1261 733 1322 in
766 1261 880 1322 minori
911 1281 1011 1343 quam
1035 1261 1067 1323 in

95 1367 233 1430 instanti
264 1376 419 1430 moveret.

161 1470 255 1562 Ego
277 1477 404 1540 autem
427 1471 509 1541 dico
532 1475 622 1554 quod
646 1473 782 1556 angelus
805 1481 913 1555 potest
944 1451 1067 1536 moveri

95 1581 127 1642 in
152 1581 291 1644 instanti
315 1590 348 1644 et
370 1581 402 1642 in
425 1591 575 1663 tempore
590 1582 673 1643 sicut
689 1582 794 1662 placet
809 1581 878 1652 sibi,
902 1582 992 1662 quod
1009 1602 1067 1662 pa-

89 1695 142 1750 ·tet
166 1710 229 1769 per
254 1689 362 1750 locum
387 1709 406 1749 a
429 1688 546 1750 minori
569 1689 610 1749 de
634 1688 705 1750 luce
721 1708 796 1768 quae
820 1686 857 1750 frt
873 1688 904 1749 in
921 1687 1062 1762 instanti,

89 1793 181 1857 sicut
204 1795 340 1857 deducit
363 1794 580 1876 Philosophus
605 1811 635 1856 2.
660 1795 699 1857 de
730 1794 873 1872 Am'ma;
898 1795 984 1857 unde
1007 1816 1065 1857 an·

98 1902 192 1982 gelus
217 1900 395 1963 refraenans
418 1901 597 1982 potentiam
629 1921 722 1963 suam
754 1909 861 1982 potest
893 1901 1015 1963 moveri
1032 1901 1064 1963 in

89 2016 260 2090 tempore.
285 2006 402 2088 Agens
425 2016 538 2069 autem
569 2008 750 2070 secundum
775 2007 927 2068 ultimum
952 2017 1066 2088 poten·

92 2113 151 2176 riae
177 2134 250 2176 suae
274 2122 424 2176 movetur
449 2114 482 2175 in
506 2114 650 2178 instanti.

164 2221 227 2283 Ad
241 2221 390 2301 primum
414 2228 524 2283 autem
549 2221 673 2283 ultimae
690 2220 850 2302 opinionis
874 2221 948 2282 dico
971 2221 1061 2302 quod

98 2329 208 2410 masor
230 2336 279 2388 est
302 2326 380 2389 salsa
405 2347 461 2408 per
488 2327 770 2409 comparationem
794 2327 842 2389 ad
860 2338 965 2401 extra,
990 2328 1068 2408 quia

91 2434 184 2496 sicut
207 2442 349 2515 punctus
373 2455 438 2496 non
462 2443 572 2515 potest
597 2435 647 2497 bis
671 2435 791 2516 signari
815 2435 847 2496 in
870 2435 986 2496 eodem
1018 2435 1066 2497 in-

97 2541 208 2614 stanti,
234 2540 278 2602 ita
302 2540 384 2602 linea
413 2561 479 2602 non
515 2549 625 2622 potest
655 2541 705 2603 bis
735 2541 854 2622 signari
885 2541 917 2602 in
948 2542 1064 2603 eodem

91 2656 259 2728 tempore.
296 2647 361 2710 Sed
384 2668 441 2728 per
471 2648 754 2729 comparationem
778 2649 819 2710 ad
851 2647 950 2722 intra,
982 2647 1065 2711 bene

91 2753 255 2835 sequitur,
279 2762 312 2815 et
334 2763 412 2815 tunc
435 2752 521 2816 sacta
545 2755 769 2835 proportione,
786 2755 932 2836 arguitur
944 2755 1005 2816 sic:
1024 2755 1065 2817 si-

99 2870 155 2922 cut
179 2881 213 2921 se
238 2859 337 2922 habet
359 2868 502 2942 punctus
525 2862 566 2923 ad
591 2861 724 2934 instans
738 2861 781 2922 sic
801 2860 992 2922 indivisibile
1022 2863 1064 2924 ad
1140 2911 1148 2929 .

97 2967 274 3043 divisibile;
298 2987 377 3048 ergo
401 2967 483 3028 linea
507 2987 542 3028 se
566 2966 666 3030 habet
688 2967 730 3029 ad
743 2977 873 3048 tempus
889 2968 971 3030 sicut
984 2967 1061 3031 divi·

90 3074 189 3136 sibile
212 3073 254 3134 ad
279 3072 481 3136 indivisibile.

164 3179 225 3241 Ad
244 3179 344 3242 aliud
362 3179 435 3242 dico
463 3181 554 3261 quod
578 3202 634 3262 per
664 3181 751 3243 idem
782 3191 1013 3262 argumentum
1038 3181 1062 3244 si

97 3288 230 3360 valeret,
255 3287 448 3367 probaretur
472 3289 562 3368 quod
587 3287 678 3350 Deus
706 3308 772 3349 non
803 3297 912 3369 posset
933 3309 1064 3350 movere

98 3393 130 3455 in
149 3393 305 3467 -instanti;
330 3393 404 3455 ideo
427 3394 500 3456 dico
523 3395 613 3476 quod
638 3415 703 3457 non
727 3393 862 3475 quiescit
889 3394 921 3455 in
953 3394 1006 3456 illo
1019 3395 1062 3456 in-

91 3499 196 3562 stanti
221 3500 344 3581 inquo
368 3499 511 3581 primurn
527 3509 576 3563 est
600 3501 691 3563 utin
721 3500 860 3562 termino
883 3501 925 3562 ad
952 3521 1062 3582 quem,

98 3607 176 3687 quia
200 3606 292 3688 quies
316 3615 454 3669 nonest
478 3607 536 3669 nisi
565 3607 597 3669 in
632 3617 782 3688 tempore
814 3628 856 3668 ex
890 3605 921 3669 6.
960 3605 1061 3688 Phys.

100 3714 188 3776 Bene
211 3722 322 3776 autem
335 3713 412 3775 volo
435 3715 523 3794 quod
547 3714 642 3776 simul
666 3715 729 3776 sint
752 3713 870 3774 mutari
893 3722 926 3776 et
957 3723 1063 3776 muta-

96 3827 173 3888 tum
196 3840 276 3886 esse.
