2634 4267
317 291 507 354 D1srmcr.
530 290 613 354 XIV
637 290 784 374 Qomsr.
809 293 839 356 ΙΙ
981 307 1046 375 259

112 493 243 557 ductum
259 505 368 577 potest
383 493 578 562 considerari
593 506 755 580 quantum
772 498 882 562 adens
898 499 949 562 vel
964 519 1067 582 quan-

112 609 179 664 tum
200 603 243 665 ad
266 603 329 666 hoc
352 625 419 666 ens.
444 604 553 667 Primo
576 605 678 667 modo
700 614 750 668 est
771 627 791 668 a
814 605 897 680 De0,
921 607 1066 670 secundo

113 709 207 770 modo
229 711 270 799 ab
293 710 514 793 intelligentia.
540 711 586 774 Et
608 711 690 774 ratio
714 710 812 793 hujus
845 721 893 775 est
916 714 994 794 quia
1016 714 1065 776 in-

112 821 155 875 ter
176 836 275 898 agens
309 826 455 881 creatum
486 827 520 880 et
541 817 721 881 increatum
756 827 805 881 est
827 818 946 901 triplex
977 820 1067 884 difse·

111 923 216 985 rentia.
244 924 328 996 Una,
356 925 447 1007 quod
470 945 571 1007 agens
597 925 777 988 increatum
800 934 849 988 est
871 926 1062 1008 primarium

110 1048 213 1110 agens,
234 1039 383 1093 creatum
406 1040 456 1093 est
477 1030 706 1097 secundarium
717 1051 724 1108 ;
748 1032 898 1106 secunda,
926 1034 1017 1114 quod
1033 1055 1062 1097 a·

111 1155 184 1216 gens
206 1133 385 1200 increatum
408 1146 457 1200 est
480 1147 571 1200 actus
591 1159 701 1220 purus
726 1147 871 1201 creatum
895 1159 979 1216 non;
1003 1150 1064 1203 ter·

109 1241 163 1314 tia,
189 1244 279 1325 quod
302 1264 404 1326 agens
426 1244 606 1308 increatum
643 1265 709 1307 non
732 1253 780 1307 est
804 1254 1008 1308 contractum
1032 1268 1065 1310 a·

112 1367 193 1428 gens,
226 1359 373 1413 creatum
407 1350 462 1413 sic.
495 1351 551 1412 Ex
586 1351 649 1414 hoc
682 1351 829 1433 arguitur
852 1351 908 1414 tali
936 1353 1062 1416 medio:

111 1453 233 1518 effectus
255 1477 322 1520 non
357 1464 542 1521 contractus
572 1467 621 1521 est
643 1479 664 1520 a
686 1479 783 1520 causa
799 1468 1062 1541 noncontracta3

111 1562 161 1622 sed
174 1563 289 1626 entitas
312 1575 350 1627 ut
362 1565 410 1627 sic
427 1585 493 1627 non
527 1574 575 1628 est
602 1574 779 1640 contracta,
804 1565 920 1628 entitas
950 1575 1061 1629 autem

112 1678 145 1730 ut
162 1669 227 1733 lucc
249 1678 298 1734 est
317 1680 502 1757 contracta3
537 1693 627 1755 ergo

171 1775 325 1861 Secunda,
339 1779 446 1860 opinio
469 1779 547 1842 dicit
568 1780 660 1861 quod
683 1800 732 1842 res
755 1788 788 1842 et
817 1799 931 1843 omnes
965 1781 1063 1844 actio

113 1901 161 1944 nes
181 1886 359 1948 secundum
384 1906 594 1948 communem
618 1886 776 1949 rationem
793 1886 1019 1968 producuntur
1042 1909 1061 1950 a

113 1988 176 2051 Deo
197 1999 229 2053 et
250 1992 293 2054 ab
316 2001 435 2074 agente
465 2001 583 2056 creato.
620 1993 694 2056 Hoc
728 1994 885 2076 probatur
919 1993 980 2056 sic:
1006 2015 1062 2076 po

112 2097 200 2159 tentia
221 2099 488 2180 proportionatur
511 2099 657 2162 essentiae
669 2120 677 2176 ;
701 2101 758 2163 sed
781 2100 918 2162 essentia
951 2100 1061 2164 divina

112 2210 154 2263 est
173 2203 310 2285 infinita;
334 2226 414 2287 ergo
437 2215 469 2268 et
500 2206 655 2288 potentia.
681 2206 746 2270 Sed
769 2217 901 2289 propter
925 2205 1062 2270 infinita-

112 2315 169 2370 tem
180 2311 323 2374 essentiae
339 2312 468 2387 divinae,
481 2333 547 2376 non
561 2322 668 2394 potest
679 2313 757 2396 poni
770 2314 901 2396 aliquod
914 2323 1060 2377 creatum

111 2415 179 2494 quin
200 2418 308 2480 statim
332 2419 472 2482 illabitur
494 2419 524 2481 ei
546 2420 684 2482 essentia
707 2421 833 2498 divina;
856 2441 936 2502 ergo
956 2428 988 2482 et
1003 2442 1060 2502 po

111 2522 198 2587 tentia
218 2525 329 2588 divina
353 2525 451 2588 habet
474 2525 560 2589 illabi
584 2526 715 2590 cuilibet
738 2527 893 2609 potentiae
928 2536 1055 2603 creatae,

112 2636 139 2688 et
158 2633 314 2694 concurrit
335 2633 379 2696 ad
401 2633 493 2695 ilh1m
516 2634 679 2696 effectum.

174 2738 276 2801 Tertia
298 2750 347 2802 cst
366 2739 474 2821 opinio
504 2739 660 2804 Varronis
682 2740 772 2822 quod
795 2760 861 2802 non
877 2749 925 2802 est
937 2761 1059 2822 ponere

110 2843 189 2921 quod
209 2845 240 2908 in
264 2846 354 2908 omni
377 2846 492 2908 effectu
516 2847 678 2929 producto
694 2867 794 2929 agens
805 2847 984 2909 increatum
1001 2846 1058 2910 ha·

112 2946 174 3011 beat
193 2952 354 3016 actionem
378 2953 527 3028 elicitam,
560 2955 617 3016 sed
647 2954 730 3016 sicut
764 2974 923 3036 generans
957 2974 1058 3036 grave

112 3053 204 3119 dando
226 3059 286 3121 sibi
309 3058 450 3122 formam
473 3060 540 3122 sive
562 3070 673 3122 actum
698 3059 841 3143 primum
864 3060 921 3122 dat
944 3069 1056 3123 actum

110 3166 283 3239 secundum,
309 3187 375 3228 non
398 3167 490 3249 quod
520 3167 627 3249 ipsum
651 3167 772 3243 eliciat;
797 3167 842 3229 ita
872 3176 904 3230 et
927 3167 960 3230 in
983 3189 1057 3250 pro-

111 3271 201 3347 posito
222 3293 323 3355 agens
346 3273 490 3356 primum
514 3275 570 3337 dat
594 3274 813 3357 intelligentiae
837 3295 905 3336 esse
939 3282 972 3337 et
994 3295 1057 3356 po-

109 3378 227 3441 tentiam
252 3381 405 3444 movendi
418 3381 550 3457 coelum,
563 3401 629 3463 qua
641 3381 752 3444 habita
764 3380 974 3463 intelligentia
988 3402 1056 3444 mo-

109 3493 153 3546 vet
177 3486 295 3549 coelum
320 3507 378 3570 per
412 3508 446 3550 se
469 3488 707 3571 praesupposita
731 3487 974 3550 manutenentia
1008 3488 1054 3570 ip-

108 3589 200 3654 siusa
223 3593 305 3657 Deo.

163 3698 210 3762 De
232 3700 299 3762 istis
321 3700 424 3763 tribus
447 3701 654 3783 opinionibus
677 3700 851 3784 accipiatur
875 3721 950 3781 quae
986 3721 1053 3765 ma·

109 3801 149 3883 gis
167 3805 290 3870 videtur
313 3807 521 3890 probabilior.
