2634 4267
8 3997 13 4257 l

300 257 486 319 Drsmrcn
511 255 659 321 XXXIX
684 254 831 337 Qunsr.
856 238 878 319 1⁴
1004 271 1067 339 415

104 464 266 537 sionem,
291 463 380 545 quod
404 460 599 524 conscientia
622 469 670 523 est
704 461 921 543 principaliter
944 462 976 525 in
1000 463 1092 526 intel-

107 572 216 635 lectu
239 568 384 652 practico
407 577 440 630 et
463 568 619 651 probatur
643 568 823 650 dupliciter.

193 676 314 741 Primo
337 674 398 737 sic:
423 674 619 738 conscientia
642 684 691 737 est
725 676 892 757 quoddam
928 676 1091 739 dictamen

110 784 320 847 ordinatum
344 783 385 844 ad
409 802 493 863 opus
517 781 709 863 fugiendum
733 782 783 843 vel
807 783 1090 863 prosequendum;

111 891 184 954 sed
212 886 276 951 tale
298 889 462 951 dictamen
486 896 610 969 spectat
633 889 675 949 ad
692 889 891 951 intellectum
912 890 1091 970 practicum

110 1018 184 1081 per
212 996 513 1060 Commentatorem
527 995 598 1063 Lib.
614 1014 645 1057 2.
670 995 718 1057 dc.
731 995 857 1057 Anima
880 1004 912 1059 et
924 995 955 1059 6.
980 996 1090 1059 Ethz'c.

198 1102 345 1168 Secundo
368 1103 433 1165 sic:
459 1102 575 1166 veritas
599 1101 744 1163 confesse
777 1123 811 1164 se
846 1102 969 1166 habens
992 1124 1091 1185 appe-

117 1210 205 1274 titui
230 1219 319 1272 recto
342 1219 391 1271 est
414 1210 556 1291 practica
579 1209 713 1284 veritas;
737 1210 794 1271 sed
818 1210 1012 1294 conscientia
1043 1218 1091 1272 est

120 1317 343 1399 hujusmodi;
367 1337 446 1399 ergo
469 1325 518 1378 est
541 1312 683 1396 practica
705 1316 831 1378 veritas,
857 1316 921 1379 Sed
950 1316 1094 1398 practica·

121 1424 250 1487 veritas
273 1432 321 1485 est
344 1424 376 1485 in
399 1423 561 1485 intellectu
586 1423 746 1504 practico;
771 1443 859 1505 ergo

205 1637 430 1724 Quantum
454 1639 518 1703 acl
536 1638 778 1729 seeundum
803 1637 876 1698 dico
899 1638 990 1718 quod
1013 1657 1091 1699 con-

126 1745 274 1824 scientia,
299 1754 334 1805 ut
365 1754 413 1807 est
443 1744 611 1825 quoddam
647 1743 809 1806 dictamen
839 1744 1025 1805 ordinatum
1049 1745 1090 1805 ad

125 1872 224 1933 opuS,
249 1860 355 1931 potest
380 1850 440 1912 dici
453 1850 594 1922 scientia,
611 1858 644 1911 et
667 1850 748 1912 sicut
772 1850 903 1912 scientia
920 1859 1026 1932 potest
1042 1871 1092 1913 ac·

125 1959 193 2041 cipi
217 1959 267 2020 vel
292 1978 351 2039 pro
375 1957 504 2038 objecto
528 1958 617 2031 scit0,
642 1957 694 2021 vel
718 1978 777 2038 pro
797 1966 871 2019 actu
886 1957 1014 2032 sciendi,
1040 1959 1089 2020 vel

126 2086 191 2148 pro
216 2064 338 2138 habitu,
364 2064 407 2126 ita
431 2064 625 2126 conscientia
647 2064 804 2145 accipitur
831 2064 1007 2145 aliquando
1030 2086 1090 2146 pro

128 2172 245 2235 habitu
270 2192 326 2253 per
350 2191 449 2252 quem
473 2170 545 2232 talis
568 2165 658 2231 actus
683 2180 834 2251 prompte
857 2171 989 2233 elicitur.

206 2385 431 2470 Quantum
447 2385 512 2450 ad
532 2383 709 2449 tertium
742 2384 857 2446 dicitur
892 2386 982 2466 quod
1017 2406 1090 2447 con-

128 2492 263 2557 scientia
286 2512 419 2554 erronea
442 2500 498 2553 aut
521 2491 621 2552 dictat
652 2490 774 2571 aliquid
809 2492 1023 2553 necessarium
1047 2492 1089 2553 ad

128 2599 269 2663 salutem
293 2598 383 2679 quod
417 2606 465 2660 est
489 2598 608 2659 directe
642 2605 754 2659 contra
789 2608 991 2679 praeceptum
1016 2598 1088 2673 Dei,

130 2715 190 2768 aut
212 2706 301 2787 quod
326 2725 391 2766 non
415 2713 464 2766 est
487 2712 599 2766 contra
630 2714 832 2785 praeceptum
857 2705 936 2779 Dei,
961 2705 1017 2766 sed
1041 2714 1090 2767 est

130 2822 224 2883 actus
248 2812 439 2896 indifferens
466 2810 499 2874 Si
517 2811 626 2891 primo
650 2812 741 2873 modo
764 2811 880 2872 dicitur
903 2813 992 2892 quod
1004 2821 1090 2873 tene-

128 2927 184 2981 tur
207 2917 284 2979 illud
308 2917 421 2993 facere,
445 2918 535 2999 quod
559 2938 624 2979 non
638 2918 744 2990 cred0,
758 2924 838 2997 puta
854 2917 878 2979 si
895 2917 1090 2979 conscientia

130 3033 241 3087 nostra
263 3045 396 3087 erronea
430 3024 531 3086 dictat
572 3025 662 3104 quod
694 3023 870 3085 debeamus
893 3022 991 3085 furari
1014 3024 1089 3105 quia

131 3141 181 3194 est
204 3131 417 3194 necessarium
442 3131 484 3193 ad
508 3131 656 3204 salutem,
671 3150 736 3192 non
760 3139 894 3211 propter
910 3130 973 3192 hoc
985 3131 1089 3194 debeo

131 3237 239 3312 furari,
274 3237 421 3319 quinimo
456 3237 559 3299 debeo
583 3237 688 3318 ipsam
723 3236 953 3298 conscientiam
988 3238 1089 3319 depo·
1166 3283 1170 3290 ,

131 3365 216 3406 nere.
241 3344 275 3408 Si
298 3344 433 3407 secundo
456 3344 547 3405 modo
571 3343 643 3405 dico
675 3343 765 3424 quod
799 3352 857 3405 aut
890 3343 969 3405 illud
992 3345 1090 3406 debet

131 3450 234 3515 lacere
257 3451 347 3541 quod
370 3451 470 3512 dictat
501 3449 696 3512 conscientia
729 3470 872 3522 erronea,
901 3458 958 3511 aut
992 3451 1089 3513 debet

131 3558 218 3620 illam
242 3557 471 3620 conscientiam
495 3557 667 3637 deponere,
692 3564 771 3637 puta
783 3557 916 3637 quando
928 3558 1090 3620 conscien-

132 3665 176 3727 tia
188 3666 339 3727 dictaret:
364 3663 388 3725 si
401 3683 467 3725 non
483 3664 623 3725 elevares
636 3661 793 3725 festucam
818 3664 859 3725 de
874 3672 958 3726 terra
978 3685 1089 3745 pecca-

135 3791 183 3835 res
207 3771 394 3835 mortaliter.
