<?xml version="1.0" encoding="UTF-8"?>
<!DOCTYPE html PUBLIC "-//W3C//DTD XHTML 1.0 Transitional//EN"
    "http://www.w3.org/TR/xhtml1/DTD/xhtml1-transitional.dtd">
<html xmlns="http://www.w3.org/1999/xhtml" xml:lang="en" lang="en">
 <head>
  <title>
</title>
<meta http-equiv="Content-Type" content="text/html;charset=utf-8" />
  <meta name='ocr-system' content='tesseract 3.04.00' />
  <meta name='ocr-capabilities' content='ocr_page ocr_carea ocr_par ocr_line ocrx_word'/>
</head>
<body>
  <div class='ocr_page' id='page_1' title='image "./commentariainli00scotgoog_0331.png"; bbox 0 0 2634 4267; ppageno 0'>
   <div class='ocr_carea' id='block_1_1' title="bbox 299 242 1063 330">
    <p class='ocr_par' dir='ltr' id='par_1_1' title="bbox 299 242 1063 330">
     <span class='ocr_line' id='line_1_1' title="bbox 299 242 1063 330; baseline -0.003 -17"><span class='ocrx_word' id='word_1_1' title='bbox 299 252 488 313; x_wconf 75' lang='lat' dir='ltr'>D1sT1Nca.</span> <span class='ocrx_word' id='word_1_2' title='bbox 513 248 593 311; x_wconf 91' lang='lat' dir='ltr'>XXI</span> <span class='ocrx_word' id='word_1_3' title='bbox 618 242 764 330; x_wconf 77' lang='lat' dir='ltr'>QoAEs‘T.</span> <span class='ocrx_word' id='word_1_4' title='bbox 789 248 838 311; x_wconf 92' lang='lat' dir='ltr'>IV</span> <span class='ocrx_word' id='word_1_5' title='bbox 988 266 1063 329; x_wconf 88' lang='lat'>319·</span> 
     </span>
    </p>
   </div>
   <div class='ocr_carea' id='block_1_2' title="bbox 101 453 1161 972">
    <p class='ocr_par' dir='ltr' id='par_1_2' title="bbox 101 453 1161 972">
     <span class='ocr_line' id='line_1_2' title="bbox 105 453 1072 536; baseline 0 -21"><span class='ocrx_word' id='word_1_6' title='bbox 105 455 224 517; x_wconf 90' lang='lat' dir='ltr'>derato</span> <span class='ocrx_word' id='word_1_7' title='bbox 246 474 361 517; x_wconf 91' lang='lat' dir='ltr'>amore</span> <span class='ocrx_word' id='word_1_8' title='bbox 383 454 441 529; x_wconf 80' lang='lat' dir='ltr'>sui,</span> <span class='ocrx_word' id='word_1_9' title='bbox 465 454 547 516; x_wconf 91' lang='lat' dir='ltr'>sicut</span> <span class='ocrx_word' id='word_1_10' title='bbox 570 453 629 515; x_wconf 83' lang='lat' dir='ltr'>suit</span> <span class='ocrx_word' id='word_1_11' title='bbox 653 462 824 534; x_wconf 89' lang='lat' dir='ltr'>peccatum</span> <span class='ocrx_word' id='word_1_12' title='bbox 841 453 947 536; x_wconf 85' lang='lat' dir='ltr'>angeli</span> <span class='ocrx_word' id='word_1_13' title='bbox 967 453 1072 536; x_wconf 88' lang='lat' dir='ltr'>primi,</span> 
     </span>
     <span class='ocr_line' id='line_1_3' title="bbox 101 556 1161 643; baseline 0.003 -22"><span class='ocrx_word' id='word_1_14' title='bbox 101 556 185 642; x_wconf 86' lang='lat' dir='ltr'>quia</span> <span class='ocrx_word' id='word_1_15' title='bbox 204 562 342 643; x_wconf 89' lang='lat' dir='ltr'><strong>angelus</strong></span> <span class='ocrx_word' id='word_1_16' title='bbox 358 582 391 623; x_wconf 93' lang='lat' dir='ltr'>se</span> <span class='ocrx_word' id='word_1_17' title='bbox 407 581 463 643; x_wconf 91' lang='lat' dir='ltr'>per</span> <span class='ocrx_word' id='word_1_18' title='bbox 479 559 650 623; x_wconf 85' lang='lat' dir='ltr'>essentiam</span> <span class='ocrx_word' id='word_1_19' title='bbox 667 560 815 642; x_wconf 83' lang='lat' dir='ltr'>intelligit</span> <span class='ocrx_word' id='word_1_20' title='bbox 842 560 948 641; x_wconf 88' lang='lat' dir='ltr'>primo</span> <span class='ocrx_word' id='word_1_21' title='bbox 971 559 1073 624; x_wconf 92' lang='lat' dir='ltr'>homo</span> <span class='ocrx_word' id='word_1_22' title='bbox 1158 602 1161 607; x_wconf 91' lang='lat'>·</span> 
     </span>
     <span class='ocr_line' id='line_1_4' title="bbox 101 666 1075 748; baseline 0.002 -20"><span class='ocrx_word' id='word_1_23' title='bbox 101 676 220 729; x_wconf 89' lang='lat' dir='ltr'>autem</span> <span class='ocrx_word' id='word_1_24' title='bbox 244 688 321 729; x_wconf 90' lang='lat' dir='ltr'>non.</span> <span class='ocrx_word' id='word_1_25' title='bbox 347 667 425 729; x_wconf 90' lang='lat' dir='ltr'>Ideo</span> <span class='ocrx_word' id='word_1_26' title='bbox 448 667 531 729; x_wconf 90' lang='lat' dir='ltr'>sicut</span> <span class='ocrx_word' id='word_1_27' title='bbox 554 666 647 748; x_wconf 92' lang='lat' dir='ltr'>ponit</span> <span class='ocrx_word' id='word_1_28' title='bbox 670 666 879 748; x_wconf 83' lang='lat' dir='ltr'>Augustinus</span> <span class='ocrx_word' id='word_1_29' title='bbox 902 686 954 732; x_wconf 84' lang='grc' dir='ltr'>ΙΙ.</span> <span class='ocrx_word' id='word_1_30' title='bbox 978 676 1075 748; x_wconf 83' lang='lat' dir='ltr'>super</span> 
     </span>
     <span class='ocr_line' id='line_1_5' title="bbox 110 754 1073 855; baseline 0 -19"><span class='ocrx_word' id='word_1_31' title='bbox 110 773 274 848; x_wconf 84' lang='lat' dir='ltr'><em>Genesim,</em></span> <span class='ocrx_word' id='word_1_32' title='bbox 301 773 364 837; x_wconf 91' lang='lat' dir='ltr'>hoc</span> <span class='ocrx_word' id='word_1_33' title='bbox 394 782 566 855; x_wconf 89' lang='lat' dir='ltr'>peccatum</span> <span class='ocrx_word' id='word_1_34' title='bbox 597 754 758 854; x_wconf 87' lang='lat' dir='ltr'>quantum</span> <span class='ocrx_word' id='word_1_35' title='bbox 783 774 824 835; x_wconf 91' lang='lat' dir='ltr'>ad</span> <span class='ocrx_word' id='word_1_36' title='bbox 848 774 989 836; x_wconf 89' lang='lat' dir='ltr'>radicem</span> <span class='ocrx_word' id='word_1_37' title='bbox 1013 773 1073 836; x_wconf 83' lang='lat' dir='ltr'>suit</span> 
     </span>
     <span class='ocr_line' id='line_1_6' title="bbox 102 879 698 972; baseline 0 -31"><span class='ocrx_word' id='word_1_38' title='bbox 102 880 348 972; x_wconf 85' lang='lat' dir='ltr'>immoderatus</span> <span class='ocrx_word' id='word_1_39' title='bbox 369 900 461 942; x_wconf 87' lang='lat' dir='ltr'>amor</span> <span class='ocrx_word' id='word_1_40' title='bbox 486 879 596 942; x_wconf 89' lang='lat' dir='ltr'>uxoris</span> <span class='ocrx_word' id='word_1_41' title='bbox 619 900 698 941; x_wconf 86' lang='lat' dir='ltr'>suae.</span> 
     </span>
    </p>
   </div>
   <div class='ocr_carea' id='block_1_3' title="bbox 99 1092 1071 1283">
    <p class='ocr_par' dir='ltr' id='par_1_3' title="bbox 99 1092 1071 1283">
     <span class='ocr_line' id='line_1_7' title="bbox 179 1092 1071 1179; baseline -0.003 -19"><span class='ocrx_word' id='word_1_42' title='bbox 179 1092 408 1179; x_wconf 73' lang='lat' dir='ltr'>Quantum</span> <span class='ocrx_word' id='word_1_43' title='bbox 431 1095 497 1160; x_wconf 84' lang='lat' dir='ltr'>od</span> <span class='ocrx_word' id='word_1_44' title='bbox 513 1101 755 1159; x_wconf 73' lang='lat' dir='ltr'>seeundum</span> <span class='ocrx_word' id='word_1_45' title='bbox 787 1092 861 1155; x_wconf 89' lang='lat' dir='ltr'>dico</span> <span class='ocrx_word' id='word_1_46' title='bbox 884 1094 974 1174; x_wconf 89' lang='lat' dir='ltr'>quod</span> <span class='ocrx_word' id='word_1_47' title='bbox 997 1115 1071 1175; x_wconf 87' lang='lat' dir='ltr'>pec-</span> 
     </span>
     <span class='ocr_line' id='line_1_8' title="bbox 99 1199 1071 1283; baseline -0.002 -19"><span class='ocrx_word' id='word_1_48' title='bbox 99 1210 218 1264; x_wconf 83' lang='lat' dir='ltr'>catum</span> <span class='ocrx_word' id='word_1_49' title='bbox 232 1210 341 1283; x_wconf 86' lang='lat' dir='ltr'>potest</span> <span class='ocrx_word' id='word_1_50' title='bbox 356 1200 458 1282; x_wconf 87' lang='lat' dir='ltr'>accipi</span> <span class='ocrx_word' id='word_1_51' title='bbox 474 1201 524 1262; x_wconf 91' lang='lat' dir='ltr'>vel</span> <span class='ocrx_word' id='word_1_52' title='bbox 537 1201 717 1263; x_wconf 88' lang='lat' dir='ltr'>secundum</span> <span class='ocrx_word' id='word_1_53' title='bbox 731 1220 823 1261; x_wconf 90' lang='lat' dir='ltr'>suam</span> <span class='ocrx_word' id='word_1_54' title='bbox 837 1200 994 1262; x_wconf 75' lang='lat' dir='ltr'>lationem</span> <span class='ocrx_word' id='word_1_55' title='bbox 1011 1199 1071 1262; x_wconf 87' lang='lat' dir='ltr'>for·</span> 
     </span>
    </p>
   </div>
   <div class='ocr_carea' id='block_1_4' title="bbox 97 1307 1071 2561">
    <p class='ocr_par' dir='ltr' id='par_1_4' title="bbox 97 1307 1071 1708">
     <span class='ocr_line' id='line_1_9' title="bbox 103 1307 1071 1389; baseline 0 -19"><span class='ocrx_word' id='word_1_56' title='bbox 103 1309 239 1381; x_wconf 91' lang='lat' dir='ltr'>malem,</span> <span class='ocrx_word' id='word_1_57' title='bbox 267 1308 318 1369; x_wconf 92' lang='lat' dir='ltr'>vel</span> <span class='ocrx_word' id='word_1_58' title='bbox 352 1316 513 1389; x_wconf 89' lang='lat' dir='ltr'>quantnm</span> <span class='ocrx_word' id='word_1_59' title='bbox 548 1307 590 1368; x_wconf 92' lang='lat' dir='ltr'>ad</span> <span class='ocrx_word' id='word_1_60' title='bbox 624 1307 799 1388; x_wconf 83' lang='lat' dir='ltr'>sequelam.</span> <span class='ocrx_word' id='word_1_61' title='bbox 825 1307 869 1369; x_wconf 89' lang='lat' dir='ltr'>Et</span> <span class='ocrx_word' id='word_1_62' title='bbox 903 1307 947 1370; x_wconf 91' lang='lat' dir='ltr'>sic</span> <span class='ocrx_word' id='word_1_63' title='bbox 982 1328 1071 1389; x_wconf 86' lang='lat' dir='ltr'>pono</span> 
     </span>
     <span class='ocr_line' id='line_1_10' title="bbox 100 1411 1069 1494; baseline -0.001 -17"><span class='ocrx_word' id='word_1_64' title='bbox 100 1415 188 1477; x_wconf 89' lang='lat' dir='ltr'>duas</span> <span class='ocrx_word' id='word_1_65' title='bbox 211 1412 452 1475; x_wconf 87' lang='lat' dir='ltr'>conclusiones:</span> <span class='ocrx_word' id='word_1_66' title='bbox 471 1413 586 1494; x_wconf 82' lang='lat' dir='ltr'>prima</span> <span class='ocrx_word' id='word_1_67' title='bbox 610 1413 700 1494; x_wconf 87' lang='lat' dir='ltr'>quod</span> <span class='ocrx_word' id='word_1_68' title='bbox 716 1433 782 1475; x_wconf 92' lang='lat' dir='ltr'>non</span> <span class='ocrx_word' id='word_1_69' title='bbox 802 1411 862 1475; x_wconf 86' lang='lat' dir='ltr'>fuit</span> <span class='ocrx_word' id='word_1_70' title='bbox 886 1414 1069 1476; x_wconf 89' lang='lat' dir='ltr'>maximum</span> 
     </span>
     <span class='ocr_line' id='line_1_11' title="bbox 100 1518 1069 1602; baseline -0.001 -19"><span class='ocrx_word' id='word_1_71' title='bbox 100 1529 279 1602; x_wconf 90' lang='lat' dir='ltr'>peccatum</span> <span class='ocrx_word' id='word_1_72' title='bbox 304 1540 347 1581; x_wconf 88' lang='lat' dir='ltr'>ex</span> <span class='ocrx_word' id='word_1_73' title='bbox 370 1539 420 1596; x_wconf 87' lang='lat' dir='ltr'>se;</span> <span class='ocrx_word' id='word_1_74' title='bbox 444 1519 584 1582; x_wconf 86' lang='lat' dir='ltr'>secundo</span> <span class='ocrx_word' id='word_1_75' title='bbox 607 1519 697 1600; x_wconf 92' lang='lat' dir='ltr'>quod</span> <span class='ocrx_word' id='word_1_76' title='bbox 713 1518 774 1581; x_wconf 83' lang='lat' dir='ltr'>fuit</span> <span class='ocrx_word' id='word_1_77' title='bbox 790 1519 972 1599; x_wconf 86' lang='lat' dir='ltr'>maximum</span> <span class='ocrx_word' id='word_1_78' title='bbox 997 1541 1069 1601; x_wconf 87' lang='lat' dir='ltr'>pec-</span> 
     </span>
     <span class='ocr_line' id='line_1_12' title="bbox 97 1614 668 1708; baseline -0.007 -18"><span class='ocrx_word' id='word_1_79' title='bbox 97 1637 217 1690; x_wconf 85' lang='lat' dir='ltr'>catum</span> <span class='ocrx_word' id='word_1_80' title='bbox 242 1635 403 1708; x_wconf 89' lang='lat' dir='ltr'>quantum</span> <span class='ocrx_word' id='word_1_81' title='bbox 427 1614 469 1688; x_wconf 84' lang='lat' dir='ltr'>ad</span> <span class='ocrx_word' id='word_1_82' title='bbox 493 1625 668 1707; x_wconf 87' lang='lat' dir='ltr'>sequelam.</span> 
     </span>
    </p>

    <p class='ocr_par' dir='ltr' id='par_1_5' title="bbox 97 1732 1069 2116">
     <span class='ocr_line' id='line_1_13' title="bbox 171 1732 1069 1814; baseline 0.001 -19"><span class='ocrx_word' id='word_1_83' title='bbox 171 1733 293 1796; x_wconf 86' lang='lat' dir='ltr'>Primo</span> <span class='ocrx_word' id='word_1_84' title='bbox 316 1732 481 1814; x_wconf 90' lang='lat' dir='ltr'>probatur,</span> <span class='ocrx_word' id='word_1_85' title='bbox 506 1741 577 1794; x_wconf 91' lang='lat' dir='ltr'>tum</span> <span class='ocrx_word' id='word_1_86' title='bbox 601 1733 678 1813; x_wconf 90' lang='lat' dir='ltr'>quia</span> <span class='ocrx_word' id='word_1_87' title='bbox 702 1753 767 1795; x_wconf 94' lang='lat' dir='ltr'>non</span> <span class='ocrx_word' id='word_1_88' title='bbox 795 1732 971 1813; x_wconf 90' lang='lat' dir='ltr'>opponitur</span> <span class='ocrx_word' id='word_1_89' title='bbox 996 1735 1069 1796; x_wconf 94' lang='lat' dir='ltr'>Deo</span> 
     </span>
     <span class='ocr_line' id='line_1_14' title="bbox 97 1840 1067 1921; baseline -0.001 -17"><span class='ocrx_word' id='word_1_90' title='bbox 97 1851 134 1904; x_wconf 89' lang='lat' dir='ltr'>et</span> <span class='ocrx_word' id='word_1_91' title='bbox 159 1840 311 1902; x_wconf 90' lang='lat' dir='ltr'>maximo</span> <span class='ocrx_word' id='word_1_92' title='bbox 335 1840 423 1902; x_wconf 93' lang='lat' dir='ltr'>bono</span> <span class='ocrx_word' id='word_1_93' title='bbox 458 1840 541 1902; x_wconf 92' lang='lat' dir='ltr'>sicut</span> <span class='ocrx_word' id='word_1_94' title='bbox 575 1849 623 1901; x_wconf 89' lang='lat' dir='ltr'>est</span> <span class='ocrx_word' id='word_1_95' title='bbox 658 1848 829 1921; x_wconf 89' lang='lat' dir='ltr'>peccatum</span> <span class='ocrx_word' id='word_1_96' title='bbox 854 1840 885 1901; x_wconf 92' lang='lat' dir='ltr'>in</span> <span class='ocrx_word' id='word_1_97' title='bbox 911 1840 1067 1921; x_wconf 86' lang='lat' dir='ltr'>Spiritum</span> 
     </span>
     <span class='ocr_line' id='line_1_15' title="bbox 101 1946 1068 2028; baseline 0 -19"><span class='ocrx_word' id='word_1_98' title='bbox 101 1947 275 2021; x_wconf 90' lang='lat' dir='ltr'>Sanctum,</span> <span class='ocrx_word' id='word_1_99' title='bbox 300 1956 371 2008; x_wconf 90' lang='lat' dir='ltr'>tum</span> <span class='ocrx_word' id='word_1_100' title='bbox 395 1946 471 2028; x_wconf 88' lang='lat' dir='ltr'>quia</span> <span class='ocrx_word' id='word_1_101' title='bbox 494 1967 565 2008; x_wconf 89' lang='lat' dir='ltr'>non</span> <span class='ocrx_word' id='word_1_102' title='bbox 588 1955 636 2008; x_wconf 88' lang='lat' dir='ltr'>est</span> <span class='ocrx_word' id='word_1_103' title='bbox 672 1967 747 2008; x_wconf 87' lang='lat' dir='ltr'>cum</span> <span class='ocrx_word' id='word_1_104' title='bbox 784 1946 929 2008; x_wconf 87' lang='lat' dir='ltr'>maxima</span> <span class='ocrx_word' id='word_1_105' title='bbox 953 1947 1068 2009; x_wconf 92' lang='lat' dir='ltr'>delibe-</span> 
     </span>
     <span class='ocr_line' id='line_1_16' title="bbox 100 2052 386 2116; baseline -0.007 0"><span class='ocrx_word' id='word_1_106' title='bbox 100 2053 229 2116; x_wconf 84' lang='lat' dir='ltr'>ratione</span> <span class='ocrx_word' id='word_1_107' title='bbox 253 2052 386 2115; x_wconf 84' lang='lat' dir='ltr'>sactum.</span> 
     </span>
    </p>

    <p class='ocr_par' dir='ltr' id='par_1_6' title="bbox 97 2159 1067 2561">
     <span class='ocr_line' id='line_1_17' title="bbox 171 2159 1067 2241; baseline -0.002 -18"><span class='ocrx_word' id='word_1_108' title='bbox 171 2159 323 2223; x_wconf 78' lang='lat' dir='ltr'>Secunda</span> <span class='ocrx_word' id='word_1_109' title='bbox 346 2160 503 2222; x_wconf 84' lang='lat' dir='ltr'>conclusio</span> <span class='ocrx_word' id='word_1_110' title='bbox 527 2160 692 2241; x_wconf 89' lang='lat' dir='ltr'>probatur,</span> <span class='ocrx_word' id='word_1_111' title='bbox 728 2168 799 2221; x_wconf 89' lang='lat' dir='ltr'>tum</span> <span class='ocrx_word' id='word_1_112' title='bbox 835 2160 911 2240; x_wconf 89' lang='lat' dir='ltr'>quia</span> <span class='ocrx_word' id='word_1_113' title='bbox 944 2160 1067 2221; x_wconf 88' lang='lat' dir='ltr'>ratione</span> 
     </span>
     <span class='ocr_line' id='line_1_18' title="bbox 98 2266 1067 2348; baseline -0.001 -19"><span class='ocrx_word' id='word_1_114' title='bbox 98 2287 253 2348; x_wconf 87' lang='lat' dir='ltr'>personae</span> <span class='ocrx_word' id='word_1_115' title='bbox 278 2266 370 2347; x_wconf 84' lang='lat' dir='ltr'>cujus</span> <span class='ocrx_word' id='word_1_116' title='bbox 393 2267 489 2347; x_wconf 92' lang='lat' dir='ltr'>culpa</span> <span class='ocrx_word' id='word_1_117' title='bbox 513 2287 626 2328; x_wconf 93' lang='lat' dir='ltr'>omnes</span> <span class='ocrx_word' id='word_1_118' title='bbox 661 2266 856 2341; x_wconf 88' lang='lat' dir='ltr'>involvebat,</span> <span class='ocrx_word' id='word_1_119' title='bbox 891 2276 962 2328; x_wconf 90' lang='lat' dir='ltr'>tum</span> <span class='ocrx_word' id='word_1_120' title='bbox 990 2266 1067 2348; x_wconf 89' lang='lat' dir='ltr'>quia</span> 
     </span>
     <span class='ocr_line' id='line_1_19' title="bbox 100 2372 1065 2447; baseline 0 -12"><span class='ocrx_word' id='word_1_121' title='bbox 100 2393 169 2435; x_wconf 92' lang='lat' dir='ltr'>non</span> <span class='ocrx_word' id='word_1_122' title='bbox 194 2372 310 2434; x_wconf 89' lang='lat' dir='ltr'>habuit</span> <span class='ocrx_word' id='word_1_123' title='bbox 332 2372 572 2434; x_wconf 87' lang='lat' dir='ltr'>inclinationem</span> <span class='ocrx_word' id='word_1_124' title='bbox 596 2374 637 2435; x_wconf 90' lang='lat' dir='ltr'>ad</span> <span class='ocrx_word' id='word_1_125' title='bbox 666 2373 849 2434; x_wconf 87' lang='lat' dir='ltr'>cadendum</span> <span class='ocrx_word' id='word_1_126' title='bbox 878 2373 1065 2447; x_wconf 65' lang='lat' dir='ltr'>necessario</span> 
     </span>
     <span class='ocr_line' id='line_1_20' title="bbox 97 2479 1064 2561; baseline 0.002 -19"><span class='ocrx_word' id='word_1_127' title='bbox 97 2490 134 2542; x_wconf 88' lang='lat' dir='ltr'>et</span> <span class='ocrx_word' id='word_1_128' title='bbox 159 2487 364 2561; x_wconf 86' lang='lat' dir='ltr'>praeceptum</span> <span class='ocrx_word' id='word_1_129' title='bbox 388 2479 447 2541; x_wconf 86' lang='lat' dir='ltr'>sibi</span> <span class='ocrx_word' id='word_1_130' title='bbox 471 2480 585 2541; x_wconf 91' lang='lat' dir='ltr'>datum</span> <span class='ocrx_word' id='word_1_131' title='bbox 610 2488 678 2541; x_wconf 89' lang='lat' dir='ltr'>erat</span> <span class='ocrx_word' id='word_1_132' title='bbox 702 2479 770 2540; x_wconf 90' lang='lat' dir='ltr'>leve</span> <span class='ocrx_word' id='word_1_133' title='bbox 794 2479 835 2540; x_wconf 93' lang='lat' dir='ltr'>ad</span> <span class='ocrx_word' id='word_1_134' title='bbox 859 2481 1064 2547; x_wconf 88' lang='lat' dir='ltr'>servandum.</span> 
     </span>
    </p>
   </div>
   <div class='ocr_carea' id='block_1_5' title="bbox 96 2690 1066 3734">
    <p class='ocr_par' dir='ltr' id='par_1_7' title="bbox 96 2690 1066 2865">
     <span class='ocr_line' id='line_1_21' title="bbox 176 2690 1066 2781; baseline -0.001 -25"><span class='ocrx_word' id='word_1_135' title='bbox 176 2690 404 2777; x_wconf 73' lang='lat' dir='ltr'>Quantum</span> <span class='ocrx_word' id='word_1_136' title='bbox 434 2694 499 2758; x_wconf 79' lang='lat' dir='ltr'>cod</span> <span class='ocrx_word' id='word_1_137' title='bbox 522 2693 706 2781; x_wconf 69' lang='lat' dir='ltr'>tertium</span> <span class='ocrx_word' id='word_1_138' title='bbox 726 2694 799 2755; x_wconf 91' lang='lat' dir='ltr'>dico</span> <span class='ocrx_word' id='word_1_139' title='bbox 826 2694 907 2755; x_wconf 90' lang='lat' dir='ltr'>duas</span> <span class='ocrx_word' id='word_1_140' title='bbox 938 2694 1066 2755; x_wconf 86' lang='lat' dir='ltr'>conclu·</span> 
     </span>
     <span class='ocr_line' id='line_1_22' title="bbox 96 2781 940 2865; baseline 0.005 -4"><span class='ocrx_word' id='word_1_141' title='bbox 96 2781 217 2862; x_wconf 88' lang='lat' dir='ltr'>siones.</span> <span class='ocrx_word' id='word_1_142' title='bbox 937 2856 940 2865; x_wconf 22' lang='grc' dir='ltr'><strong><em>Δ</em></strong></span> 
     </span>
    </p>

    <p class='ocr_par' dir='ltr' id='par_1_8' title="bbox 96 2899 1064 3200">
     <span class='ocr_line' id='line_1_23' title="bbox 168 2899 1064 2988; baseline 0.001 -20"><span class='ocrx_word' id='word_1_143' title='bbox 168 2905 301 2980; x_wconf 83' lang='lat' dir='ltr'>Primo,</span> <span class='ocrx_word' id='word_1_144' title='bbox 326 2907 416 2987; x_wconf 93' lang='lat' dir='ltr'>quod</span> <span class='ocrx_word' id='word_1_145' title='bbox 439 2927 496 2987; x_wconf 90' lang='lat' dir='ltr'>per</span> <span class='ocrx_word' id='word_1_146' title='bbox 530 2926 564 2967; x_wconf 91' lang='lat' dir='ltr'>se</span> <span class='ocrx_word' id='word_1_147' title='bbox 598 2907 671 2987; x_wconf 91' lang='lat' dir='ltr'>plus</span> <span class='ocrx_word' id='word_1_148' title='bbox 705 2905 851 2988; x_wconf 88' lang='lat' dir='ltr'>peccavit</span> <span class='ocrx_word' id='word_1_149' title='bbox 875 2899 956 2980; x_wconf 90' lang='lat' dir='ltr'>Eva,</span> <span class='ocrx_word' id='word_1_150' title='bbox 988 2908 1064 2987; x_wconf 90' lang='lat' dir='ltr'>quia</span> 
     </span>
     <span class='ocr_line' id='line_1_24' title="bbox 97 3012 1063 3093; baseline 0 -18"><span class='ocrx_word' id='word_1_151' title='bbox 97 3012 341 3093; x_wconf 86' lang='lat' dir='ltr'>volult&#39;rapere</span> <span class='ocrx_word' id='word_1_152' title='bbox 365 3013 529 3086; x_wconf 85' lang='lat' dir='ltr'>deitatem,</span> <span class='ocrx_word' id='word_1_153' title='bbox 554 3013 667 3074; x_wconf 87' lang='lat' dir='ltr'>Adam</span> <span class='ocrx_word' id='word_1_154' title='bbox 702 3034 779 3075; x_wconf 89' lang='lat' dir='ltr'>vero</span> <span class='ocrx_word' id='word_1_155' title='bbox 814 3012 876 3074; x_wconf 94' lang='lat' dir='ltr'>hoc</span> <span class='ocrx_word' id='word_1_156' title='bbox 904 3034 969 3074; x_wconf 92' lang='lat' dir='ltr'>non</span> <span class='ocrx_word' id='word_1_157' title='bbox 994 3034 1063 3075; x_wconf 90' lang='lat' dir='ltr'>cre-</span> 
     </span>
     <span class='ocr_line' id='line_1_25' title="bbox 96 3118 987 3200; baseline 0 -19"><span class='ocrx_word' id='word_1_158' title='bbox 96 3119 193 3192; x_wconf 86' lang='lat' dir='ltr'>didit,</span> <span class='ocrx_word' id='word_1_159' title='bbox 218 3119 286 3181; x_wconf 92' lang='lat' dir='ltr'>imo</span> <span class='ocrx_word' id='word_1_160' title='bbox 309 3118 407 3180; x_wconf 86' lang='lat' dir='ltr'>etiam</span> <span class='ocrx_word' id='word_1_161' title='bbox 432 3120 472 3181; x_wconf 95' lang='lat' dir='ltr'>de</span> <span class='ocrx_word' id='word_1_162' title='bbox 496 3120 557 3181; x_wconf 92' lang='lat' dir='ltr'>Dei</span> <span class='ocrx_word' id='word_1_163' title='bbox 583 3120 799 3182; x_wconf 86' lang='lat' dir='ltr'>misericordia</span> <span class='ocrx_word' id='word_1_164' title='bbox 822 3120 987 3200; x_wconf 82' lang='lat' dir='ltr'>cogitavit.</span> 
     </span>
    </p>

    <p class='ocr_par' dir='ltr' id='par_1_9' title="bbox 96 3224 1061 3734">
     <span class='ocr_line' id='line_1_26' title="bbox 169 3224 1060 3307; baseline -0.001 -19"><span class='ocrx_word' id='word_1_165' title='bbox 169 3224 320 3288; x_wconf 80' lang='lat' dir='ltr'>Secunda</span> <span class='ocrx_word' id='word_1_166' title='bbox 353 3227 522 3299; x_wconf 82' lang='lat' dir='ltr'>conclusio,</span> <span class='ocrx_word' id='word_1_167' title='bbox 558 3227 648 3307; x_wconf 87' lang='lat' dir='ltr'>quod</span> <span class='ocrx_word' id='word_1_168' title='bbox 683 3234 815 3307; x_wconf 89' lang='lat' dir='ltr'>propter</span> <span class='ocrx_word' id='word_1_169' title='bbox 849 3226 971 3306; x_wconf 89' lang='lat' dir='ltr'>aliquas</span> <span class='ocrx_word' id='word_1_170' title='bbox 1006 3227 1060 3287; x_wconf 88' lang='lat' dir='ltr'>cir·</span> 
     </span>
     <span class='ocr_line' id='line_1_27' title="bbox 96 3332 1060 3413; baseline -0.002 -18"><span class='ocrx_word' id='word_1_171' title='bbox 96 3332 315 3395; x_wconf 88' lang='lat' dir='ltr'>cumstantias</span> <span class='ocrx_word' id='word_1_172' title='bbox 338 3332 552 3394; x_wconf 88' lang='lat' dir='ltr'>accidentales</span> <span class='ocrx_word' id='word_1_173' title='bbox 575 3333 688 3394; x_wconf 82' lang='lat' dir='ltr'>Adam</span> <span class='ocrx_word' id='word_1_174' title='bbox 713 3333 786 3413; x_wconf 90' lang='lat' dir='ltr'>plus</span> <span class='ocrx_word' id='word_1_175' title='bbox 810 3332 965 3413; x_wconf 80' lang='lat' dir='ltr'>peccavit,</span> <span class='ocrx_word' id='word_1_176' title='bbox 989 3341 1060 3394; x_wconf 87' lang='lat' dir='ltr'>tum</span> 
     </span>
     <span class='ocr_line' id='line_1_28' title="bbox 97 3439 1061 3521; baseline -0.002 -21"><span class='ocrx_word' id='word_1_177' title='bbox 97 3439 176 3521; x_wconf 90' lang='lat' dir='ltr'>quia</span> <span class='ocrx_word' id='word_1_178' title='bbox 203 3447 336 3520; x_wconf 88' lang='lat' dir='ltr'>propter</span> <span class='ocrx_word' id='word_1_179' title='bbox 371 3458 518 3519; x_wconf 85' lang='lat' dir='ltr'>personae</span> <span class='ocrx_word' id='word_1_180' title='bbox 553 3440 789 3513; x_wconf 89' lang='lat' dir='ltr'>excellentiam,</span> <span class='ocrx_word' id='word_1_181' title='bbox 824 3449 895 3500; x_wconf 90' lang='lat' dir='ltr'>tum</span> <span class='ocrx_word' id='word_1_182' title='bbox 928 3447 1061 3519; x_wconf 83' lang='lat' dir='ltr'>propter</span> 
     </span>
     <span class='ocr_line' id='line_1_29' title="bbox 98 3544 1058 3627; baseline -0.003 -20"><span class='ocrx_word' id='word_1_183' title='bbox 98 3545 377 3618; x_wconf 85' lang='lat' dir='ltr'>omniscientiam,</span> <span class='ocrx_word' id='word_1_184' title='bbox 413 3555 485 3606; x_wconf 90' lang='lat' dir='ltr'>tum</span> <span class='ocrx_word' id='word_1_185' title='bbox 520 3554 652 3627; x_wconf 83' lang='lat' dir='ltr'>propter</span> <span class='ocrx_word' id='word_1_186' title='bbox 687 3545 813 3607; x_wconf 86' lang='lat' dir='ltr'>virtutis</span> <span class='ocrx_word' id='word_1_187' title='bbox 844 3544 1058 3606; x_wconf 89' lang='lat' dir='ltr'>constantiam</span> 
     </span>
     <span class='ocr_line' id='line_1_30' title="bbox 97 3651 908 3734; baseline -0.002 -19"><span class='ocrx_word' id='word_1_188' title='bbox 97 3673 173 3734; x_wconf 91' lang='lat' dir='ltr'>quae</span> <span class='ocrx_word' id='word_1_189' title='bbox 198 3652 273 3734; x_wconf 91' lang='lat' dir='ltr'>plus</span> <span class='ocrx_word' id='word_1_190' title='bbox 296 3651 429 3732; x_wconf 85' lang='lat' dir='ltr'>vigebat</span> <span class='ocrx_word' id='word_1_191' title='bbox 452 3651 483 3713; x_wconf 90' lang='lat' dir='ltr'>in</span> <span class='ocrx_word' id='word_1_192' title='bbox 508 3652 621 3713; x_wconf 89' lang='lat' dir='ltr'>Adam</span> <span class='ocrx_word' id='word_1_193' title='bbox 645 3672 746 3732; x_wconf 89' lang='lat' dir='ltr'>quam</span> <span class='ocrx_word' id='word_1_194' title='bbox 771 3652 802 3713; x_wconf 90' lang='lat' dir='ltr'>in</span> <span class='ocrx_word' id='word_1_195' title='bbox 828 3652 908 3714; x_wconf 84' lang='lat' dir='ltr'>Eva.</span> 
     </span>
    </p>
   </div>
   <div class='ocr_carea' id='block_1_6' title="bbox 0 0 1322 4267">
    <p class='ocr_par' dir='ltr' id='par_1_10' title="bbox 0 0 1322 4267">
     <span class='ocr_line' id='line_1_31' title="bbox 0 0 1322 4267; baseline 0 2"><span class='ocrx_word' id='word_1_196' title='bbox 0 0 1322 4267; x_wconf 95' lang='lat' dir='ltr'> </span> 
     </span>
    </p>
   </div>
  </div>
 </body>
</html>
