2634 4267
257 197 318 274 184
514 195 644 258 L1u.11
670 194 966 259 Sssuussumuuu

224 401 278 463 tiae
302 410 351 463 est
374 400 456 462 illius
479 398 597 480 objecti
621 399 674 463 cui
697 400 773 463 volo
797 400 932 475 bonum,
972 401 1050 464 velle
1070 409 1163 462 autem

224 506 495 588 concupiscentiae
518 516 567 569 est
582 506 666 569 illius
689 507 809 588 objecti
825 507 915 588 quod
931 508 1006 569 volo
1022 507 1106 569 alicui
1120 507 1164 569 ob·

222 616 310 696 jecto
333 623 453 676 amato,
477 649 522 660 -
538 614 618 676 Item
636 622 714 676 nota
730 614 821 694 quod
837 614 918 676 inter
934 613 1013 677 istos
1027 623 1110 676 actus
1126 622 1165 675 est

224 721 296 784 talis
319 721 409 793 orde,
435 721 525 802 quod
548 720 630 782 velle
658 720 932 801 concupiscentiae
962 719 1165 802 praesupponit

225 828 306 890 velle
329 826 491 901 amicitiae,
508 836 540 888 et
557 827 642 889 nolle
658 827 839 889 necessario
855 827 1077 909 praesupponit
1089 826 1164 888 velle.

227 935 272 996 Et
306 933 480 995 consimilis
514 933 596 995 ordo
630 942 680 995 est
707 932 801 995 iniis
837 934 964 995 actibus
999 933 1166 996 deordinate
1207 1009 1214 1024 .

226 1039 365 1121 sumptis
388 1060 445 1120 per
473 1039 621 1121 regulam
657 1039 761 1101 Boetii
786 1040 822 1102 in
852 1041 883 1102 T
878 1038 1019 1120 topicis:
1053 1039 1166 1122 quando

226 1167 331 1210 unum
361 1145 505 1226 sequitur
539 1147 582 1208 ad
613 1146 701 1208 aliud
733 1146 850 1208 eodem
883 1146 985 1208 modo
1017 1147 1169 1226 utrobique

225 1253 338 1314 addito
360 1251 469 1314 adhuc
492 1253 656 1334 sequitur3
682 1253 768 1314 unde
785 1252 867 1314 sicut
891 1253 977 1314 nolle
1001 1271 1171 1335 praesuppu

227 1359 274 1423 nit
296 1360 386 1432 velle,
410 1368 443 1421 et
466 1359 550 1421 nolle
573 1359 724 1421 amicitiae
748 1359 976 1421 deordinatum
1001 1379 1172 1442 praesuppu

226 1466 273 1527 nit
289 1464 370 1527 velle
393 1465 631 1539 deordinatum,
647 1474 680 1527 et
702 1465 787 1528 nolle
802 1465 1074 1546 concupiscentiae
1096 1466 1174 1528 deor·

227 1572 376 1634 dinatum
401 1572 625 1653 praesupponit
648 1572 730 1633 velle
753 1571 993 1634 deordinatum.

301 1784 523 1869 Quarztum
552 1785 616 1850 ad
634 1785 813 1850 tertium
842 1784 1092 1850 Artioulum
1112 1783 1179 1845 dico

228 1894 309 1955 duas
326 1892 570 1956 Conclusiones:
588 1892 707 1954 Prima
720 1901 768 1954 est
787 1893 877 1974 quod
890 1893 1014 1954 malitia
1036 1893 1067 1954 in
1083 1890 1178 1973 primo

228 2000 356 2081 angeIO,
380 2008 540 2080 quantum
564 2000 607 2061 ad
620 1999 701 2061 velle
723 1999 884 2073 amicitiae,
909 1998 969 2061 fuit
991 1999 1181 2061 inordinatus

228 2127 320 2168 amor
344 2106 402 2170 sui.
421 2104 570 2167 Secunda
585 2106 753 2179 conclusio,
770 2106 860 2187 quod
877 2105 999 2168 malitia
1016 2106 1048 2167 in
1073 2104 1180 2186 angelo

229 2222 390 2294 quantum
414 2213 456 2273 ad
480 2213 560 2274 velle
595 2213 866 2293 concupiscentia:
901 2210 971 2286 fuit,
996 2213 1085 2294 quod
1107 2211 1182 2272 inor·

206 2319 341 2380 'dinate
364 2319 550 2399 concupivit
574 2319 820 2380 beatitudinem.

297 2422 439 2492 Prima
467 2421 664 2491 Conclusio
687 2425 853 2506 probatur,
878 2425 954 2506 quia
978 2434 1036 2487 aut
1059 2425 1108 2486 illa
1122 2443 1183 2484 ma·

232 2532 296 2593 litia
319 2530 379 2593 fuit
402 2552 494 2593 amor
519 2532 590 2616 Dei,
614 2541 647 2594 et
671 2530 734 2594 hoc
758 2552 823 2593 non
847 2531 923 2612 quia
947 2531 1039 2593 Deus
1057 2540 1103 2594 est
1122 2529 1183 2592 tale

232 2638 398 2719 objectum
415 2638 553 2700 amabile
576 2640 667 2720 quod
679 2659 722 2700 ex
746 2638 814 2700 sola
829 2639 953 2700 ratione
969 2638 1018 2699 sui
1028 2639 1090 2700 dat
1101 2657 1184 2699 com·

232 2745 353 2827 pletum
378 2745 537 2817 rationem
561 2745 715 2807 bonitatis
731 2745 826 2807 actui
851 2743 925 2806 Aut
938 2743 998 2806 fuit
1009 2765 1101 2807 amor
1123 2763 1184 2826 quo

232 2852 344 2913 dilexit
367 2852 467 2913 alium
491 2850 661 2933 Angelum
685 2860 717 2912 et
741 2850 803 2913 hoc
827 2872 903 2926 non,
927 2859 999 2912 tum
1016 2851 1093 2933 quia
1108 2849 1184 2913 incli-

232 2958 320 3019 natio
344 2958 497 3019 naturalis
521 2958 594 3038 plus
617 2957 749 3020 inclinat
771 2959 814 3019 ad
837 2979 871 3020 se
892 2978 994 3039 quam
1029 2959 1072 3020 ad
1087 2958 1184 3031 aliud;

232 3074 303 3126 tum
327 3064 403 3146 quia
426 3064 567 3126 amicitia
590 3062 746 3126 fundatur
762 3084 858 3145 super
874 3063 1007 3138 unitate,
1024 3063 1057 3128 8.
1083 3064 1183 3127 Etlzic.

232 3181 303 3232 tum
328 3171 404 3252 quia
435 3171 578 3233 amicitia
600 3171 642 3232 ad
665 3171 803 3232 alterum
827 3179 875 3232 est
906 3191 949 3231 ex
978 3171 1120 3234 amicitia
1148 3169 1184 3233 ad

233 3277 374 3357 seipsum
388 3296 418 3358 9.
433 3276 554 3352 Etlzic.;
568 3298 647 3358 ergo
661 3277 849 3358 relinquitur
863 3278 953 3359 quod
976 3277 1030 3340 illa
1053 3277 1184 3341 amicitia

234 3383 294 3444 fuit
317 3382 518 3445 inordinatus
530 3404 622 3444 amor
639 3383 697 3446 sui.
713 3419 757 3430 -
775 3381 1062 3466 confirmaturper
1078 3385 1185 3466 Augu·

235 3489 356 3551 stinum
378 3507 411 3572 4.
425 3491 463 3552 de
491 3487 562 3553 civ.
579 3489 653 3562 Dei,
671 3490 850 3570 dicitquod
874 3491 941 3552 duo
963 3510 1094 3552 amores
1116 3491 1184 3553 fece-

235 3604 311 3656 runt
334 3595 415 3656 duas
438 3596 592 3668 civitateS,
609 3595 728 3657 scilicet
744 3596 806 3658 Dei
823 3605 854 3657 et
870 3597 999 3658 diaboli.
1018 3596 1181 3660 Civitatem

236 3699 299 3761 Dei
322 3698 396 3761 fecit
419 3720 511 3761 amor
535 3701 597 3762 Dei
614 3721 717 3780 usque
740 3701 782 3761 ad
798 3711 1025 3783 contemptum
1042 3705 1102 3780 sui;
1119 3702 1183 3767 civi-
