2634 4267
318 281 505 379 Drsnrncr.
530 279 578 342 IX
602 277 791 359 Qurnsr.l
932 333 936 342 .
979 293 1041 356 213

114 483 232 566 ligendi,
256 483 331 546 huic
353 492 474 566 pateat,
499 483 541 545 illi
564 504 643 546 vero
666 504 741 556 non,
766 493 876 546 tamen
900 489 1013 563 patent
1036 480 1064 544 ei

113 600 277 673 conceptus
301 590 500 672 hujusmodi,
525 598 561 652 ut
576 600 625 652 est
648 590 689 653 de
712 590 784 671 ipso
799 588 963 670 singulari,
987 587 1064 669 quia

114 717 165 778 per
185 697 244 760 hoc
266 698 356 780 quod
380 698 448 779 ipse
464 697 564 759 utitur
587 695 693 759 forma
709 695 878 758 universali
894 695 937 756 ad
960 694 1065 757 conci·

114 802 255 884 piendum
270 804 433 886 singulare
444 803 522 865 nihil
546 803 720 865 innovatur
735 803 767 865 in
783 802 945 864 intellectu
970 801 1062 873 illius,

113 919 143 971 et
161 910 228 973 ideo
250 920 299 973 est
322 910 498 973 necessaria
522 910 643 972 locutio
667 917 799 991 propter
823 908 986 990 singulare
1009 927 1064 970 co·

114 1017 228 1097 gnitum
252 1017 312 1092 isti,
336 1026 368 1079 et
391 1017 491 1078 alium
516 1017 602 1079 latet.

175 1123 337 1198 Quantum
360 1124 409 1185 ad
429 1123 558 1185 tertium
575 1123 652 1185 dicit
675 1123 765 1204 quod
780 1122 864 1184 sicut
888 1121 1064 1204 singularia

113 1228 226 1310 signata
248 1230 379 1312 cognita
402 1251 422 1291 a
445 1230 537 1291 nobis
561 1249 626 1291 non
650 1249 826 1310 possumus
850 1249 904 1312 per
928 1227 1064 1290 locutio·

114 1355 180 1397 nem
190 1337 276 1399 alteri
289 1336 473 1417 exprimere
484 1335 542 1397 nisi
559 1335 777 1416 exprimendo
790 1334 966 1417 singularia
978 1355 1064 1416 vaga

113 1461 179 1502 curn
191 1443 438 1524 proprietatibus
449 1451 482 1504 et
497 1442 722 1504 accidentibus
737 1441 985 1523 designantibus
1001 1441 1062 1503 sub

113 1548 219 1627 quibus
241 1549 362 1630 aliquid
378 1549 547 1622 revelatur,
564 1548 610 1610 ita
626 1569 733 1630 neque
749 1568 834 1610 unus
850 1548 985 1630 angelus
1001 1547 1061 1609 sub

113 1654 214 1716 eadem
236 1654 470 1737 significatione
485 1655 546 1717 sub
562 1675 628 1737 qua
643 1654 671 1716 ei
688 1655 867 1717 revelatum
891 1663 939 1716 est
955 1661 1062 1734 potest

114 1761 191 1821 alteri
212 1763 329 1844 angelo
342 1762 506 1843 loquendo
531 1760 744 1834 manifestare,
763 1761 820 1822 sed
836 1760 956 1823 format
972 1761 1062 1822 alteri

114 1877 295 1950 conceptum
319 1888 443 1930 novum
467 1867 593 1930 realiter
604 1867 705 1929 alium
730 1868 771 1929 de
795 1867 948 1949 singulari
965 1887 1060 1949 vago,

114 1991 198 2052 quem
220 1983 417 2055 conceptum
440 1974 521 2036 alius
555 1974 736 2036 intellectus
767 1973 932 2056 angelicus
963 1973 1060 2046 videt,

113 2080 191 2158 quasi
213 2081 332 2163 legeret
355 2080 387 2143 in
411 2080 502 2155 libro,
527 2088 559 2142 et
582 2079 646 2142 hoc
670 2089 807 2143 vocatur
825 2080 913 2161 loqui
937 2079 1061 2142 sivelo·

113 2186 199 2249 cutio.

172 2289 305 2360 Contra
329 2291 445 2360 istam
468 2291 688 2378 Opz'ntbnem
712 2293 858 2376 arguitur
876 2293 986 2374 primo
1001 2293 1059 2356 sic:

113 2401 358 2481 unumquodque
372 2400 455 2462 sicut
470 2421 504 2462 se
520 2398 619 2463 habet
630 2401 673 2462 ad
689 2421 757 2463 esse
774 2400 818 2462 ita
836 2401 879 2463 ad
895 2401 1059 2482 cognosci3

112 2505 160 2565 sed
180 2506 338 2589 singulare
368 2506 460 2568 addit
491 2528 588 2588 supra
612 2507 791 2569 universale
822 2529 864 2568 en
887 2517 997 2588 quaest.
1022 2508 1062 2570 de

112 2608 361 2675 individnntione
382 2623 446 2675 art.
469 2632 519 2691 2.;
543 2634 632 2696 ergo.
656 2652 701 2660 —-
733 2614 894 2676 Praeterea
917 2614 1058 2678 rationes

112 2717 217 2796 quibus
240 2720 397 2801 probatur
420 2720 511 2802 quod
534 2720 697 2803 singulare
713 2741 778 2783 non
803 2730 910 2802 potest
925 2721 1059 2804 intelligi

111 2823 281 2908 abange10‚
307 2828 488 2908 procedunt
511 2849 554 2890 ex
578 2826 640 2890 hoc
656 2828 747 2910 quod
770 2837 819 2890 est
844 2825 1059 2909 imperfectio-

111 2929 153 2991 nis
173 2931 202 2993 in
224 2933 387 2996 intellectu
411 2954 608 3015 cognoscere
630 2935 811 3016 singulare;
844 2935 900 2996 sed
925 2934 987 2997 hoc
1010 2943 1059 2997 est

112 3033 229 3113 salsum,
251 3039 331 3121 quia
354 3040 533 3102 intellectus
549 3041 612 3104 Dei
635 3042 804 3124 cognoscit
821 3041 991 3123 singulare.
1015 3078 1061 3088 -

111 3140 257 3207 Praeterea
272 3146 325 3208 illa
337 3146 449 3228 opinio
472 3147 521 3209 vel
535 3148 701 3210 conclusio
717 3157 765 3210 est
781 3148 965 3229 improbata
979 3150 1060 3210 mul-

111 3247 246 3328 tipliciter
269 3252 310 3314 de
334 3253 505 3315 universali
529 3263 711 3329 concreat0,
729 3255 797 3316 sine
821 3254 933 3316 habitu
958 3255 1059 3316 scien-

111 3352 168 3416 tiali
195 3358 281 3421 nist.
309 3377 343 3438 j.
375 3367 491 3441 quaest.
523 3360 594 3422 illa:
628 3361 750 3423 Utrum
774 3362 909 3442 angelus
939 3382 1060 3442 cogno

111 3464 218 3526 scendo
240 3466 407 3528 distinctas
421 3465 618 3546 quidditates
641 3466 761 3530 habeat
777 3467 944 3529 distinctas
965 3468 1060 3530 ratio·

113 3584 161 3630 nes
174 3571 398 3652 cognoscendi.
424 3570 546 3651 Quaere
570 3571 623 3634 ibi.

174 3672 288 3740 Contra
303 3678 477 3740 secundam
493 3679 724 3741 conclusionem
741 3679 823 3741 illius
839 3679 986 3761 arguitur
1002 3680 1057 3742 sic:
