2634 4267
281 237 343 302 154
533 221 609 284 Lm.
633 221 664 284 11
688 220 983 285 Saurammnuu

253 428 306 490 illa
329 427 478 509 probatio
501 447 567 489 non
583 427 679 500 valet,
692 426 766 516 quia
782 435 955 508 poneretur
970 426 1013 488 ab
1026 425 1217 488 adversariis

253 534 342 615 quod
366 533 546 596 intellectus
561 533 617 614 qui
641 532 772 614 ponitur
788 531 821 594 in
837 532 955 614 angelo
978 541 1027 594 est
1044 530 1216 613 perfectior

252 649 286 703 et
308 640 500 703 eminentior
523 639 686 702 intellectu
721 647 840 721 agente
856 638 887 700 in
912 638 1014 700 nobis.
1041 638 1132 716 Ideo
1152 658 1214 700 non

253 755 383 828 oportet
404 746 495 827 quod
518 755 659 828 ponatur
683 746 862 808 intellectus
885 763 985 826 agens
1008 745 1086 826 quia
1107 764 1214 826 super-

255 852 377 915 flueret.
395 854 473 915 Ideo
489 853 645 934 probatur
668 853 855 914 antecedens
870 872 927 933 per
941 851 1084 913 eundem
1101 861 1136 913 et
1155 871 1217 911 me

254 959 328 1021 lius:
353 960 385 1022 in
410 960 499 1021 omni
522 980 562 1022 eo
592 960 683 1040 quod
707 957 820 1040 recipit
850 957 990 1020 formam
1015 977 1147 1020 necesse
1169 966 1216 1022 est

254 1068 331 1129 dare
345 1066 512 1129 materiam
527 1067 578 1128 vel
595 1075 745 1128 naturam
763 1065 958 1146 receptivam
983 1065 1066 1127 illius
1083 1063 1212 1136 formae;

253 1174 310 1236 sed
333 1173 469 1254 angelus
491 1172 604 1254 recipit
626 1172 723 1234 aliam
747 1172 888 1253 speciem
905 1193 924 1236 a
940 1191 988 1246 se;
1012 1191 1094 1253 ergo
1119 1171 1217 1232 habet

254 1280 412 1342 rationem
436 1280 633 1360 receptivam
657 1279 761 1340 istam.
788 1278 853 1342 Sed
876 1278 940 1340 hoc
961 1286 1009 1340 est
1033 1278 1215 1340 intellectus

254 1386 426 1468 possibilis;
450 1406 529 1467 ergo
554 1385 652 1448 habet
668 1385 867 1447 intellectum
892 1384 1079 1466 possibilem
1104 1393 1138 1446 et
1161 1403 1216 1465 per

254 1513 456 1574 consequens
479 1492 678 1554 intellectum
701 1499 865 1574 agentem.

313 1597 549 1681 .C0nfirmatur
586 1599 765 1680 dupliciter.
801 1597 917 1660 Primo
950 1596 1027 1678 quia
1063 1597 1089 1658 si
1125 1597 1214 1658 Deus

254 1715 392 1768 creasset
414 1705 532 1767 animae
556 1714 675 1767 nostrae
700 1704 821 1786 species
849 1704 997 1768 omnium
1032 1701 1215 1784 intelligibi-

253 1813 343 1885 lium,
367 1812 475 1874 adhuc
498 1820 581 1873 esset
603 1811 635 1873 in
651 1832 690 1873 ea
713 1811 892 1873 intellectus
915 1831 1016 1893 agens
1031 1819 1065 1872 et
1085 1809 1215 1892 possibi-

254 1919 299 1981 lis.
329 1916 551 2008 Confirmatur
571 1918 708 1980 secundo
731 1918 771 1980 de
794 1918 903 1980 anima
927 1917 1046 1980 Christi
1070 1938 1148 1998 quae
1170 1916 1214 1978 vi-

253 2026 352 2088 debat
375 2024 485 2088 omnia
508 2025 539 2087 in
564 2025 676 2087 Verbo
700 2025 820 2098 divino,
837 2033 870 2086 et
893 2034 1004 2086 tamen
1027 2033 1098 2085 erat
1121 2023 1156 2086 in
1177 2043 1215 2084 ea

253 2132 432 2194 intellectus
466 2152 566 2214 agens
589 2141 621 2194 ct
644 2131 811 2213 possibilis.
836 2168 879 2176 -
903 2130 961 2192 Ad
985 2130 1125 2193 rationes
1160 2151 1214 2192 au·

254 2249 321 2303 tem
345 2260 429 2312 suas,

321 2346 379 2408 Ad
392 2345 552 2427 primum,
580 2366 656 2408 cum
680 2345 871 2426 dicitquod
895 2354 1025 2406 nonest
1049 2344 1082 2406 in
1098 2343 1214 2426 angelo

252 2453 431 2515 intellectus
454 2445 564 2534 agens,
599 2452 677 2533 quia
699 2451 769 2532 ejus
793 2451 960 2531 objectum
999 2451 1145 2531 primum
1168 2458 1215 2512 est.

253 2560 285 2621 in
309 2569 395 2638 actu,
427 2559 499 2621 dico
522 2559 613 2640 quod
647 2557 834 2640 aequivocas
857 2559 898 2620 dc
929 2557 1046 2639 primo.
1072 2558 1132 2619 Est
1156 2557 1214 2639 pri·

255 2687 346 2728 mum
371 2665 537 2747 objectum
561 2665 772 2746 adaequatum
797 2665 1025 2745 adaequatione
1049 2663 1211 2744 perfectio-

254 2773 302 2835 nis
336 2774 467 2861 dequo
502 2793 568 2835 non
600 2771 787 2852 intelligitur
811 2772 852 2833 de
887 2771 1065 2852 proposito.
1099 2771 1144 2832 Et
1167 2779 1213 2832 θεῖ

254 2881 396 2960 primum
421 2879 586 2959 objectum
610 2878 822 2959 adaequatum
849 2877 1078 2958 adaequatione
1102 2877 1214 2959 praedi-

253 2987 387 3048 cationis
403 2986 486 3048 sicut
500 2994 548 3047 est
568 3007 625 3048 ens
641 2994 673 3047 et
697 2985 728 3046 in
745 2985 806 3047 isto
832 2984 931 3046 modo
948 3004 1013 3046 non
1037 2993 1087 3046 θεῖ
1104 2985 1210 3046 incon-

245 3093 384 3177 ,veniens
418 3092 584 3174 objectum
619 3091 799 3153 intellectus
834 3090 971 3172 angelici
995 3111 1064 3152 esse
1100 3091 1132 3152 in
1156 3112 1212 3174 po-

254 3200 364 3262 tentia.

320 3306 378 3368 Ad
389 3305 564 3367 secundum
588 3304 662 3367 dico
678 3305 720 3367 ad
736 3303 940 3386 propositum
965 3304 1099 3384 quodsi
1120 3305 1211 3367 istam

254 3411 484 3493 perfectionem
510 3432 638 3473 necesse
660 3421 709 3472 θεῖ
732 3433 751 3472 a
775 3411 849 3472 Deo
868 3409 967 3471 creari
990 3411 1032 3472 ad
1057 3431 1158 3493 quam
1181 3431 1213 3473 se

254 3539 320 3582 non
352 3508 465 3600 potest
493 3518 578 3579 actio
613 3527 737 3580 naturae
773 3517 957 3590 extendere,
982 3525 1062 3580 tunc
1086 3528 1212 3601 oportet

255 3624 345 3705 quod
368 3625 408 3686 sit
431 3646 450 3685 a
467 3627 540 3687 Deo
564 3624 764 3699 immediate;
789 3625 845 3686 sed
861 3623 905 3686 sic
921 3632 970 3686 θεῖ
985 3623 1017 3685 in
1035 3627 1211 3708 proposito,
