<?xml version="1.0" encoding="UTF-8"?>
<!DOCTYPE html PUBLIC "-//W3C//DTD XHTML 1.0 Transitional//EN"
    "http://www.w3.org/TR/xhtml1/DTD/xhtml1-transitional.dtd">
<html xmlns="http://www.w3.org/1999/xhtml" xml:lang="en" lang="en">
 <head>
  <title>
</title>
<meta http-equiv="Content-Type" content="text/html;charset=utf-8" />
  <meta name='ocr-system' content='tesseract 3.04.00' />
  <meta name='ocr-capabilities' content='ocr_page ocr_carea ocr_par ocr_line ocrx_word'/>
</head>
<body>
  <div class='ocr_page' id='page_1' title='image "./commentariainli00scotgoog_0063.png"; bbox 0 0 2634 4267; ppageno 0'>
   <div class='ocr_carea' id='block_1_1' title="bbox 268 278 1067 378">
    <p class='ocr_par' dir='ltr' id='par_1_1' title="bbox 268 278 1067 378">
     <span class='ocr_line' id='line_1_1' title="bbox 268 278 1067 378; baseline 0.005 -21"><span class='ocrx_word' id='word_1_1' title='bbox 268 278 271 284; x_wconf 80' lang='grc'>’</span> <span class='ocrx_word' id='word_1_2' title='bbox 326 308 328 313; x_wconf 95' lang='grc'><strong><em>·</em></strong></span> <span class='ocrx_word' id='word_1_3' title='bbox 372 298 557 361; x_wconf 78' lang='lat' dir='ltr'>D1sr1ncr.</span> <span class='ocrx_word' id='word_1_4' title='bbox 581 297 596 359; x_wconf 93' lang='lat'>1</span> <span class='ocrx_word' id='word_1_5' title='bbox 620 310 759 373; x_wconf 62' lang='lat' dir='ltr'>Quium.</span> <span class='ocrx_word' id='word_1_6' title='bbox 783 297 817 359; x_wconf 93' lang='lat' dir='ltr'>V</span> <span class='ocrx_word' id='word_1_7' title='bbox 1032 312 1067 378; x_wconf 87' lang='lat'>51</span> 
     </span>
    </p>
   </div>
   <div class='ocr_carea' id='block_1_2' title="bbox 122 501 1097 3455">
    <p class='ocr_par' dir='ltr' id='par_1_2' title="bbox 122 501 1097 673">
     <span class='ocr_line' id='line_1_2' title="bbox 122 501 1097 575; baseline 0.003 -12"><span class='ocrx_word' id='word_1_8' title='bbox 122 523 212 564; x_wconf 89' lang='lat' dir='ltr'>unus</span> <span class='ocrx_word' id='word_1_9' title='bbox 245 501 384 563; x_wconf 93' lang='lat' dir='ltr'>omnino</span> <span class='ocrx_word' id='word_1_10' title='bbox 414 502 446 563; x_wconf 94' lang='lat' dir='ltr'>in</span> <span class='ocrx_word' id='word_1_11' title='bbox 475 524 518 575; x_wconf 90' lang='lat' dir='ltr'>re,</span> <span class='ocrx_word' id='word_1_12' title='bbox 552 501 651 564; x_wconf 89' lang='lat' dir='ltr'>habet</span> <span class='ocrx_word' id='word_1_13' title='bbox 673 512 783 564; x_wconf 94' lang='lat' dir='ltr'>tamen</span> <span class='ocrx_word' id='word_1_14' title='bbox 815 502 847 564; x_wconf 94' lang='lat' dir='ltr'>in</span> <span class='ocrx_word' id='word_1_15' title='bbox 871 522 905 564; x_wconf 91' lang='lat' dir='ltr'>se</span> <span class='ocrx_word' id='word_1_16' title='bbox 929 502 1097 566; x_wconf 86' lang='lat' dir='ltr'>distinctas</span> 
     </span>
     <span class='ocr_line' id='line_1_3' title="bbox 124 608 598 673; baseline 0.008 -4"><span class='ocrx_word' id='word_1_17' title='bbox 124 608 272 670; x_wconf 86' lang='lat' dir='ltr'>rationes</span> <span class='ocrx_word' id='word_1_18' title='bbox 296 608 416 670; x_wconf 88' lang='lat' dir='ltr'>ideales</span> <span class='ocrx_word' id='word_1_19' title='bbox 439 609 598 673; x_wconf 90' lang='lat' dir='ltr'>omnium.</span> 
     </span>
    </p>

    <p class='ocr_par' dir='ltr' id='par_1_3' title="bbox 123 715 1095 1523">
     <span class='ocr_line' id='line_1_4' title="bbox 194 715 1094 799; baseline 0.003 -23"><span class='ocrx_word' id='word_1_20' title='bbox 194 716 255 777; x_wconf 78' lang='lat' dir='ltr'>Ad</span> <span class='ocrx_word' id='word_1_21' title='bbox 274 716 449 777; x_wconf 84' lang='lat' dir='ltr'>secundam</span> <span class='ocrx_word' id='word_1_22' title='bbox 473 716 641 788; x_wconf 79' lang='lat' dir='ltr'>rationem,</span> <span class='ocrx_word' id='word_1_23' title='bbox 678 715 751 778; x_wconf 90' lang='lat' dir='ltr'>dico</span> <span class='ocrx_word' id='word_1_24' title='bbox 785 716 875 797; x_wconf 91' lang='lat' dir='ltr'>quod</span> <span class='ocrx_word' id='word_1_25' title='bbox 915 717 1094 799; x_wconf 86' lang='lat' dir='ltr'>propositio</span> 
     </span>
     <span class='ocr_line' id='line_1_5' title="bbox 125 821 1094 905; baseline 0.002 -22"><span class='ocrx_word' id='word_1_26' title='bbox 125 821 322 903; x_wconf 90' lang='lat' dir='ltr'>Philosophi</span> <span class='ocrx_word' id='word_1_27' title='bbox 346 843 422 884; x_wconf 91' lang='lat' dir='ltr'>vera</span> <span class='ocrx_word' id='word_1_28' title='bbox 444 832 492 885; x_wconf 91' lang='lat' dir='ltr'>est</span> <span class='ocrx_word' id='word_1_29' title='bbox 515 822 547 884; x_wconf 90' lang='lat' dir='ltr'>in</span> <span class='ocrx_word' id='word_1_30' title='bbox 572 822 630 885; x_wconf 89' lang='lat' dir='ltr'>illis</span> <span class='ocrx_word' id='word_1_31' title='bbox 654 822 709 884; x_wconf 92' lang='lat' dir='ltr'>ubi</span> <span class='ocrx_word' id='word_1_32' title='bbox 733 843 799 885; x_wconf 91' lang='lat' dir='ltr'>non</span> <span class='ocrx_word' id='word_1_33' title='bbox 823 832 984 905; x_wconf 84' lang='lat' dir='ltr'>repugnat</span> <span class='ocrx_word' id='word_1_34' title='bbox 1000 832 1094 885; x_wconf 91' lang='lat' dir='ltr'>natu-</span> 
     </span>
     <span class='ocr_line' id='line_1_6' title="bbox 126 928 1095 1012; baseline 0.002 -23"><span class='ocrx_word' id='word_1_35' title='bbox 126 949 173 989; x_wconf 86' lang='lat' dir='ltr'>rae</span> <span class='ocrx_word' id='word_1_36' title='bbox 198 928 435 990; x_wconf 88' lang='lat' dir='ltr'>communicari</span> <span class='ocrx_word' id='word_1_37' title='bbox 459 950 478 990; x_wconf 92' lang='lat' dir='ltr'>a</span> <span class='ocrx_word' id='word_1_38' title='bbox 501 930 595 990; x_wconf 88' lang='lat' dir='ltr'>simili</span> <span class='ocrx_word' id='word_1_39' title='bbox 619 930 650 990; x_wconf 92' lang='lat' dir='ltr'>in</span> <span class='ocrx_word' id='word_1_40' title='bbox 675 929 790 1010; x_wconf 89' lang='lat' dir='ltr'>specie,</span> <span class='ocrx_word' id='word_1_41' title='bbox 815 928 871 990; x_wconf 91' lang='lat' dir='ltr'>sed</span> <span class='ocrx_word' id='word_1_42' title='bbox 895 949 960 991; x_wconf 93' lang='lat' dir='ltr'>non</span> <span class='ocrx_word' id='word_1_43' title='bbox 988 930 1095 1012; x_wconf 92' lang='lat' dir='ltr'>quod-</span> 
     </span>
     <span class='ocr_line' id='line_1_7' title="bbox 123 1033 1092 1117; baseline 0.001 -21"><span class='ocrx_word' id='word_1_44' title='bbox 123 1054 260 1116; x_wconf 86' lang='lat' dir='ltr'>cunque</span> <span class='ocrx_word' id='word_1_45' title='bbox 291 1033 471 1115; x_wconf 86' lang='lat' dir='ltr'>perfectum</span> <span class='ocrx_word' id='word_1_46' title='bbox 508 1036 539 1096; x_wconf 95' lang='lat' dir='ltr'>in</span> <span class='ocrx_word' id='word_1_47' title='bbox 571 1036 678 1117; x_wconf 86' lang='lat' dir='ltr'>specie</span> <span class='ocrx_word' id='word_1_48' title='bbox 711 1045 819 1117; x_wconf 89' lang='lat' dir='ltr'>potest</span> <span class='ocrx_word' id='word_1_49' title='bbox 849 1036 1092 1098; x_wconf 85' lang='lat' dir='ltr'>communicare</span> 
     </span>
     <span class='ocr_line' id='line_1_8' title="bbox 127 1141 1094 1222; baseline 0.002 -21"><span class='ocrx_word' id='word_1_50' title='bbox 127 1150 291 1215; x_wconf 88' lang='lat' dir='ltr'>naturam,</span> <span class='ocrx_word' id='word_1_51' title='bbox 316 1141 393 1221; x_wconf 91' lang='lat' dir='ltr'>quia</span> <span class='ocrx_word' id='word_1_52' title='bbox 416 1142 485 1222; x_wconf 88' lang='lat' dir='ltr'>ipsa</span> <span class='ocrx_word' id='word_1_53' title='bbox 508 1162 573 1203; x_wconf 93' lang='lat' dir='ltr'>non</span> <span class='ocrx_word' id='word_1_54' title='bbox 598 1151 646 1204; x_wconf 90' lang='lat' dir='ltr'>est</span> <span class='ocrx_word' id='word_1_55' title='bbox 670 1141 950 1204; x_wconf 90' lang='lat' dir='ltr'>communicabilis</span> <span class='ocrx_word' id='word_1_56' title='bbox 972 1143 1014 1205; x_wconf 89' lang='lat' dir='ltr'>ab</span> <span class='ocrx_word' id='word_1_57' title='bbox 1037 1142 1094 1204; x_wconf 89' lang='lat' dir='ltr'>ali-</span> 
     </span>
     <span class='ocr_line' id='line_1_9' title="bbox 124 1247 1093 1331; baseline 0.001 -22"><span class='ocrx_word' id='word_1_58' title='bbox 124 1268 196 1328; x_wconf 90' lang='lat' dir='ltr'>quo</span> <span class='ocrx_word' id='word_1_59' title='bbox 219 1248 316 1309; x_wconf 90' lang='lat' dir='ltr'>simili</span> <span class='ocrx_word' id='word_1_60' title='bbox 339 1248 371 1309; x_wconf 94' lang='lat' dir='ltr'>in</span> <span class='ocrx_word' id='word_1_61' title='bbox 388 1248 502 1329; x_wconf 87' lang='lat' dir='ltr'>specie,</span> <span class='ocrx_word' id='word_1_62' title='bbox 516 1258 549 1310; x_wconf 88' lang='lat' dir='ltr'>et</span> <span class='ocrx_word' id='word_1_63' title='bbox 572 1247 635 1310; x_wconf 92' lang='lat' dir='ltr'>hoc</span> <span class='ocrx_word' id='word_1_64' title='bbox 650 1257 698 1311; x_wconf 84' lang='lat' dir='ltr'>est</span> <span class='ocrx_word' id='word_1_65' title='bbox 714 1259 847 1331; x_wconf 86' lang='lat' dir='ltr'>propter</span> <span class='ocrx_word' id='word_1_66' title='bbox 863 1248 1093 1330; x_wconf 81' lang='lat' dir='ltr'>perfectionem</span> 
     </span>
     <span class='ocr_line' id='line_1_10' title="bbox 125 1354 1091 1438; baseline 0.004 -23"><span class='ocrx_word' id='word_1_67' title='bbox 125 1364 255 1416; x_wconf 87' lang='lat' dir='ltr'>naturae</span> <span class='ocrx_word' id='word_1_68' title='bbox 279 1354 312 1416; x_wconf 94' lang='lat' dir='ltr'>in</span> <span class='ocrx_word' id='word_1_69' title='bbox 336 1375 379 1428; x_wconf 89' lang='lat' dir='ltr'>se,</span> <span class='ocrx_word' id='word_1_70' title='bbox 404 1376 479 1435; x_wconf 83' lang='lat' dir='ltr'>quae</span> <span class='ocrx_word' id='word_1_71' title='bbox 503 1376 569 1417; x_wconf 93' lang='lat' dir='ltr'>non</span> <span class='ocrx_word' id='word_1_72' title='bbox 594 1366 702 1437; x_wconf 84' lang='lat' dir='ltr'>potest</span> <span class='ocrx_word' id='word_1_73' title='bbox 732 1356 868 1438; x_wconf 87' lang='lat' dir='ltr'>produci</span> <span class='ocrx_word' id='word_1_74' title='bbox 892 1356 951 1417; x_wconf 91' lang='lat' dir='ltr'>nisi</span> <span class='ocrx_word' id='word_1_75' title='bbox 975 1377 994 1417; x_wconf 91' lang='lat' dir='ltr'>a</span> <span class='ocrx_word' id='word_1_76' title='bbox 1017 1358 1091 1419; x_wconf 89' lang='lat' dir='ltr'>Deo</span> 
     </span>
     <span class='ocr_line' id='line_1_11' title="bbox 129 1460 329 1523; baseline 0.005 -2"><span class='ocrx_word' id='word_1_77' title='bbox 129 1460 329 1523; x_wconf 86' lang='lat' dir='ltr'>immediate.</span> 
     </span>
    </p>

    <p class='ocr_par' dir='ltr' id='par_1_4' title="bbox 125 1568 1093 1950">
     <span class='ocr_line' id='line_1_12' title="bbox 194 1568 1092 1651; baseline 0.003 -23"><span class='ocrx_word' id='word_1_78' title='bbox 194 1568 255 1629; x_wconf 76' lang='lat' dir='ltr'>Ad</span> <span class='ocrx_word' id='word_1_79' title='bbox 274 1568 406 1629; x_wconf 81' lang='lat' dir='ltr'>tertium</span> <span class='ocrx_word' id='word_1_80' title='bbox 422 1589 507 1651; x_wconf 91' lang='lat' dir='ltr'>nego</span> <span class='ocrx_word' id='word_1_81' title='bbox 531 1569 784 1643; x_wconf 89' lang='lat' dir='ltr'>similitudinem,</span> <span class='ocrx_word' id='word_1_82' title='bbox 802 1569 878 1650; x_wconf 92' lang='lat' dir='ltr'>quia</span> <span class='ocrx_word' id='word_1_83' title='bbox 901 1570 1020 1631; x_wconf 91' lang='lat' dir='ltr'>domus</span> <span class='ocrx_word' id='word_1_84' title='bbox 1035 1590 1092 1631; x_wconf 89' lang='lat' dir='ltr'>ex-</span> 
     </span>
     <span class='ocr_line' id='line_1_13' title="bbox 125 1673 1088 1757; baseline 0.002 -22"><span class='ocrx_word' id='word_1_85' title='bbox 125 1682 177 1735; x_wconf 82' lang='lat' dir='ltr'>tra</span> <span class='ocrx_word' id='word_1_86' title='bbox 201 1683 251 1735; x_wconf 89' lang='lat' dir='ltr'>est</span> <span class='ocrx_word' id='word_1_87' title='bbox 275 1673 380 1735; x_wconf 83' lang='lat' dir='ltr'>forma</span> <span class='ocrx_word' id='word_1_88' title='bbox 404 1676 618 1749; x_wconf 84' lang='lat' dir='ltr'>accidentalis,</span> <span class='ocrx_word' id='word_1_89' title='bbox 650 1696 707 1757; x_wconf 91' lang='lat' dir='ltr'>per</span> <span class='ocrx_word' id='word_1_90' title='bbox 732 1676 1033 1739; x_wconf 88' lang='lat' dir='ltr'>Commentatorem</span> <span class='ocrx_word' id='word_1_91' title='bbox 1055 1674 1088 1738; x_wconf 76' lang='lat'>8.</span> 
     </span>
     <span class='ocr_line' id='line_1_14' title="bbox 126 1780 1093 1863; baseline 0.001 -20"><span class='ocrx_word' id='word_1_92' title='bbox 126 1780 289 1861; x_wconf 70' lang='lat' dir='ltr'>Metaplz„</span> <span class='ocrx_word' id='word_1_93' title='bbox 318 1781 528 1863; x_wconf 82' lang='lat' dir='ltr'>intelligentia</span> <span class='ocrx_word' id='word_1_94' title='bbox 551 1790 660 1844; x_wconf 85' lang='lat' dir='ltr'>autem</span> <span class='ocrx_word' id='word_1_95' title='bbox 677 1791 771 1844; x_wconf 87' lang='lat' dir='ltr'>extra</span> <span class='ocrx_word' id='word_1_96' title='bbox 793 1791 842 1844; x_wconf 90' lang='lat' dir='ltr'>est</span> <span class='ocrx_word' id='word_1_97' title='bbox 865 1782 1044 1844; x_wconf 89' lang='lat' dir='ltr'>substantia</span> <span class='ocrx_word' id='word_1_98' title='bbox 1059 1792 1093 1844; x_wconf 87' lang='lat' dir='ltr'>et</span> 
     </span>
     <span class='ocr_line' id='line_1_15' title="bbox 127 1888 381 1950; baseline 0 -2"><span class='ocrx_word' id='word_1_99' title='bbox 127 1908 195 1949; x_wconf 92' lang='lat' dir='ltr'>non</span> <span class='ocrx_word' id='word_1_100' title='bbox 221 1888 381 1950; x_wconf 87' lang='lat' dir='ltr'>accidens.</span> 
     </span>
    </p>

    <p class='ocr_par' dir='ltr' id='par_1_5' title="bbox 124 1993 1092 2485">
     <span class='ocr_line' id='line_1_16' title="bbox 194 1993 1092 2075; baseline 0.002 -21"><span class='ocrx_word' id='word_1_101' title='bbox 194 1994 254 2055; x_wconf 84' lang='lat' dir='ltr'>Ad</span> <span class='ocrx_word' id='word_1_102' title='bbox 266 2004 420 2074; x_wconf 81' lang='lat' dir='ltr'>quartum</span> <span class='ocrx_word' id='word_1_103' title='bbox 445 2015 520 2056; x_wconf 89' lang='lat' dir='ltr'>cum</span> <span class='ocrx_word' id='word_1_104' title='bbox 537 1994 670 2057; x_wconf 87' lang='lat' dir='ltr'>dicitur:</span> <span class='ocrx_word' id='word_1_105' title='bbox 695 1995 731 2056; x_wconf 94' lang='lat' dir='ltr'>ln</span> <span class='ocrx_word' id='word_1_106' title='bbox 756 1993 805 2056; x_wconf 92' lang='lat' dir='ltr'>his</span> <span class='ocrx_word' id='word_1_107' title='bbox 820 2015 895 2075; x_wconf 86' lang='lat' dir='ltr'>quae</span> <span class='ocrx_word' id='word_1_108' title='bbox 919 2003 994 2056; x_wconf 88' lang='lat' dir='ltr'>sunt</span> <span class='ocrx_word' id='word_1_109' title='bbox 1009 1994 1092 2074; x_wconf 87' lang='lat' dir='ltr'>ejus-</span> 
     </span>
     <span class='ocr_line' id='line_1_17' title="bbox 127 2101 1091 2182; baseline 0.002 -21"><span class='ocrx_word' id='word_1_110' title='bbox 127 2101 205 2162; x_wconf 89' lang='lat' dir='ltr'>dem</span> <span class='ocrx_word' id='word_1_111' title='bbox 231 2101 347 2181; x_wconf 88' lang='lat' dir='ltr'>speciei</span> <span class='ocrx_word' id='word_1_112' title='bbox 380 2122 482 2163; x_wconf 91' lang='lat' dir='ltr'>unum</span> <span class='ocrx_word' id='word_1_113' title='bbox 507 2111 555 2163; x_wconf 90' lang='lat' dir='ltr'>est</span> <span class='ocrx_word' id='word_1_114' title='bbox 587 2101 818 2182; x_wconf 88' lang='lat' dir='ltr'>productivum</span> <span class='ocrx_word' id='word_1_115' title='bbox 850 2102 988 2175; x_wconf 86' lang='lat' dir='ltr'>alterius,</span> <span class='ocrx_word' id='word_1_116' title='bbox 1013 2122 1091 2164; x_wconf 90' lang='lat' dir='ltr'>con-</span> 
     </span>
     <span class='ocr_line' id='line_1_18' title="bbox 124 2207 1091 2290; baseline 0 -21"><span class='ocrx_word' id='word_1_117' title='bbox 124 2207 253 2270; x_wconf 86' lang='lat' dir='ltr'>ceditur</span> <span class='ocrx_word' id='word_1_118' title='bbox 278 2208 387 2289; x_wconf 91' lang='lat' dir='ltr'>aliquo</span> <span class='ocrx_word' id='word_1_119' title='bbox 418 2208 672 2290; x_wconf 78' lang='lat' dir='ltr'>praesuppositO,</span> <span class='ocrx_word' id='word_1_120' title='bbox 696 2209 752 2270; x_wconf 87' lang='lat' dir='ltr'>sed</span> <span class='ocrx_word' id='word_1_121' title='bbox 784 2218 862 2269; x_wconf 90' lang='lat' dir='ltr'>tunc</span> <span class='ocrx_word' id='word_1_122' title='bbox 886 2229 950 2271; x_wconf 91' lang='lat' dir='ltr'>non</span> <span class='ocrx_word' id='word_1_123' title='bbox 979 2217 1027 2270; x_wconf 87' lang='lat' dir='ltr'>est</span> <span class='ocrx_word' id='word_1_124' title='bbox 1050 2210 1091 2269; x_wconf 91' lang='lat' dir='ltr'>si-</span> 
     </span>
     <span class='ocr_line' id='line_1_19' title="bbox 126 2314 1089 2397; baseline 0.002 -23"><span class='ocrx_word' id='word_1_125' title='bbox 126 2314 204 2375; x_wconf 90' lang='lat' dir='ltr'>mile</span> <span class='ocrx_word' id='word_1_126' title='bbox 236 2315 278 2376; x_wconf 89' lang='lat' dir='ltr'>de</span> <span class='ocrx_word' id='word_1_127' title='bbox 309 2316 430 2397; x_wconf 86' lang='lat' dir='ltr'>angelis</span> <span class='ocrx_word' id='word_1_128' title='bbox 454 2325 487 2377; x_wconf 89' lang='lat' dir='ltr'>et</span> <span class='ocrx_word' id='word_1_129' title='bbox 517 2316 593 2389; x_wconf 84' lang='lat' dir='ltr'>aliis,</span> <span class='ocrx_word' id='word_1_130' title='bbox 618 2316 701 2376; x_wconf 93' lang='lat' dir='ltr'>sicut</span> <span class='ocrx_word' id='word_1_131' title='bbox 732 2324 821 2396; x_wconf 90' lang='lat' dir='ltr'>patet</span> <span class='ocrx_word' id='word_1_132' title='bbox 852 2336 908 2396; x_wconf 92' lang='lat' dir='ltr'>per</span> <span class='ocrx_word' id='word_1_133' title='bbox 932 2315 1089 2377; x_wconf 89' lang='lat' dir='ltr'>rationem</span> 
     </span>
     <span class='ocr_line' id='line_1_20' title="bbox 125 2422 484 2485; baseline 0.003 -2"><span class='ocrx_word' id='word_1_134' title='bbox 125 2431 243 2483; x_wconf 90' lang='lat' dir='ltr'>contra</span> <span class='ocrx_word' id='word_1_135' title='bbox 267 2422 484 2485; x_wconf 88' lang='lat' dir='ltr'>Avicennam.</span> 
     </span>
    </p>

    <p class='ocr_par' dir='ltr' id='par_1_6' title="bbox 122 2524 1092 3037">
     <span class='ocr_line' id='line_1_21' title="bbox 195 2524 1091 2609; baseline -0.004 -16"><span class='ocrx_word' id='word_1_136' title='bbox 195 2524 263 2593; x_wconf 78' lang='lat' dir='ltr'>Ad</span> <span class='ocrx_word' id='word_1_137' title='bbox 282 2526 450 2595; x_wconf 63' lang='lat' dir='ltr'>witonus</span> <span class='ocrx_word' id='word_1_138' title='bbox 473 2537 582 2589; x_wconf 86' lang='lat' dir='ltr'>autem</span> <span class='ocrx_word' id='word_1_139' title='bbox 608 2528 768 2608; x_wconf 87' lang='lat' dir='ltr'>opinionis</span> <span class='ocrx_word' id='word_1_140' title='bbox 791 2549 866 2609; x_wconf 84' lang='lat' dir='ltr'>quae</span> <span class='ocrx_word' id='word_1_141' title='bbox 891 2537 978 2590; x_wconf 89' lang='lat' dir='ltr'>tenet</span> <span class='ocrx_word' id='word_1_142' title='bbox 1001 2528 1091 2609; x_wconf 91' lang='lat' dir='ltr'>quod</span> 
     </span>
     <span class='ocr_line' id='line_1_22' title="bbox 122 2635 1092 2725; baseline 0.002 -30"><span class='ocrx_word' id='word_1_143' title='bbox 122 2643 276 2725; x_wconf 83' lang='lat' dir='ltr'>creatura</span> <span class='ocrx_word' id='word_1_144' title='bbox 307 2644 414 2715; x_wconf 91' lang='lat' dir='ltr'>potest</span> <span class='ocrx_word' id='word_1_145' title='bbox 446 2635 542 2696; x_wconf 86' lang='lat' dir='ltr'>aliam</span> <span class='ocrx_word' id='word_1_146' title='bbox 574 2644 755 2697; x_wconf 85' lang='lat' dir='ltr'>creaturam</span> <span class='ocrx_word' id='word_1_147' title='bbox 780 2656 909 2697; x_wconf 86' lang='lat' dir='ltr'>creare:</span> <span class='ocrx_word' id='word_1_148' title='bbox 941 2636 999 2697; x_wconf 77' lang='lat' dir='ltr'>Ad</span> <span class='ocrx_word' id='word_1_149' title='bbox 1023 2636 1092 2715; x_wconf 80' lang='lat' dir='ltr'>pri·</span> 
     </span>
     <span class='ocr_line' id='line_1_23' title="bbox 125 2740 1091 2822; baseline 0 -19"><span class='ocrx_word' id='word_1_150' title='bbox 125 2762 230 2813; x_wconf 68' lang='lat' dir='ltr'>unuin,</span> <span class='ocrx_word' id='word_1_151' title='bbox 260 2742 300 2803; x_wconf 92' lang='lat' dir='ltr'>de</span> <span class='ocrx_word' id='word_1_152' title='bbox 323 2740 489 2815; x_wconf 85' lang='lat' dir='ltr'>infinitate,</span> <span class='ocrx_word' id='word_1_153' title='bbox 514 2741 587 2804; x_wconf 92' lang='lat' dir='ltr'>dico</span> <span class='ocrx_word' id='word_1_154' title='bbox 603 2742 693 2822; x_wconf 92' lang='lat' dir='ltr'>quod</span> <span class='ocrx_word' id='word_1_155' title='bbox 716 2742 866 2822; x_wconf 88' lang='lat' dir='ltr'>quamvis</span> <span class='ocrx_word' id='word_1_156' title='bbox 890 2762 956 2803; x_wconf 90' lang='lat' dir='ltr'>non</span> <span class='ocrx_word' id='word_1_157' title='bbox 980 2742 1020 2803; x_wconf 89' lang='lat' dir='ltr'>sit</span> <span class='ocrx_word' id='word_1_158' title='bbox 1043 2742 1091 2803; x_wconf 93' lang='lat' dir='ltr'>in-</span> 
     </span>
     <span class='ocr_line' id='line_1_24' title="bbox 126 2847 1090 2928; baseline 0 -19"><span class='ocrx_word' id='word_1_159' title='bbox 126 2847 236 2909; x_wconf 71' lang='lat' dir='ltr'>finitas</span> <span class='ocrx_word' id='word_1_160' title='bbox 267 2868 310 2909; x_wconf 84' lang='lat' dir='ltr'>ex</span> <span class='ocrx_word' id='word_1_161' title='bbox 342 2858 433 2928; x_wconf 87' lang='lat' dir='ltr'>parte</span> <span class='ocrx_word' id='word_1_162' title='bbox 464 2848 634 2922; x_wconf 86' lang='lat' dir='ltr'>distantiae,</span> <span class='ocrx_word' id='word_1_163' title='bbox 667 2857 715 2910; x_wconf 90' lang='lat' dir='ltr'>est</span> <span class='ocrx_word' id='word_1_164' title='bbox 742 2858 852 2910; x_wconf 89' lang='lat' dir='ltr'>tamen</span> <span class='ocrx_word' id='word_1_165' title='bbox 883 2848 1023 2911; x_wconf 84' lang='lat' dir='ltr'>infinitas</span> <span class='ocrx_word' id='word_1_166' title='bbox 1046 2870 1090 2910; x_wconf 83' lang='lat' dir='ltr'>ex</span> 
     </span>
     <span class='ocr_line' id='line_1_25' title="bbox 125 2954 569 3037; baseline 0 -22"><span class='ocrx_word' id='word_1_167' title='bbox 125 2963 222 3037; x_wconf 88' lang='lat' dir='ltr'>parte</span> <span class='ocrx_word' id='word_1_168' title='bbox 246 2954 334 3016; x_wconf 91' lang='lat' dir='ltr'>modi</span> <span class='ocrx_word' id='word_1_169' title='bbox 358 2954 569 3035; x_wconf 90' lang='lat' dir='ltr'>producendi.</span> 
     </span>
    </p>

    <p class='ocr_par' dir='ltr' id='par_1_7' title="bbox 122 3061 1091 3455">
     <span class='ocr_line' id='line_1_26' title="bbox 193 3061 1085 3143; baseline 0.001 -21"><span class='ocrx_word' id='word_1_170' title='bbox 193 3061 253 3123; x_wconf 79' lang='lat' dir='ltr'>Ad</span> <span class='ocrx_word' id='word_1_171' title='bbox 272 3062 447 3123; x_wconf 82' lang='lat' dir='ltr'>secundum</span> <span class='ocrx_word' id='word_1_172' title='bbox 479 3062 652 3143; x_wconf 89' lang='lat' dir='ltr'>respondet</span> <span class='ocrx_word' id='word_1_173' title='bbox 676 3062 793 3135; x_wconf 80' lang='lat' dir='ltr'>Varro,</span> <span class='ocrx_word' id='word_1_174' title='bbox 825 3062 914 3143; x_wconf 91' lang='lat' dir='ltr'>quod</span> <span class='ocrx_word' id='word_1_175' title='bbox 946 3061 1085 3124; x_wconf 85' lang='lat' dir='ltr'>infinitas</span> 
     </span>
     <span class='ocr_line' id='line_1_27' title="bbox 123 3167 1091 3250; baseline 0 -21"><span class='ocrx_word' id='word_1_176' title='bbox 123 3177 175 3230; x_wconf 87' lang='lat' dir='ltr'>est</span> <span class='ocrx_word' id='word_1_177' title='bbox 199 3167 335 3250; x_wconf 86' lang='lat' dir='ltr'>duplex,</span> <span class='ocrx_word' id='word_1_178' title='bbox 359 3168 477 3230; x_wconf 87' lang='lat' dir='ltr'>scilicet</span> <span class='ocrx_word' id='word_1_179' title='bbox 492 3168 650 3230; x_wconf 88' lang='lat' dir='ltr'>intensiva</span> <span class='ocrx_word' id='word_1_180' title='bbox 673 3178 706 3230; x_wconf 87' lang='lat' dir='ltr'>et</span> <span class='ocrx_word' id='word_1_181' title='bbox 722 3168 900 3242; x_wconf 80' lang='lat' dir='ltr'>extensiva,</span> <span class='ocrx_word' id='word_1_182' title='bbox 926 3170 1016 3230; x_wconf 90' lang='lat' dir='ltr'>Deus</span> <span class='ocrx_word' id='word_1_183' title='bbox 1036 3190 1091 3229; x_wconf 89' lang='lat' dir='ltr'>au-</span> 
     </span>
     <span class='ocr_line' id='line_1_28' title="bbox 123 3273 1091 3349; baseline -0.001 -13"><span class='ocrx_word' id='word_1_184' title='bbox 123 3283 193 3336; x_wconf 89' lang='lat' dir='ltr'>tem</span> <span class='ocrx_word' id='word_1_185' title='bbox 223 3283 259 3336; x_wconf 93' lang='lat' dir='ltr'>ut</span> <span class='ocrx_word' id='word_1_186' title='bbox 282 3274 382 3336; x_wconf 89' lang='lat' dir='ltr'>habet</span> <span class='ocrx_word' id='word_1_187' title='bbox 412 3274 518 3336; x_wconf 90' lang='lat' dir='ltr'>ideam</span> <span class='ocrx_word' id='word_1_188' title='bbox 544 3273 693 3349; x_wconf 90' lang='lat' dir='ltr'>hominis,</span> <span class='ocrx_word' id='word_1_189' title='bbox 726 3275 799 3336; x_wconf 90' lang='lat' dir='ltr'>licet</span> <span class='ocrx_word' id='word_1_190' title='bbox 823 3294 887 3335; x_wconf 94' lang='lat' dir='ltr'>non</span> <span class='ocrx_word' id='word_1_191' title='bbox 920 3275 960 3336; x_wconf 90' lang='lat' dir='ltr'>sit</span> <span class='ocrx_word' id='word_1_192' title='bbox 984 3274 1091 3336; x_wconf 84' lang='lat' dir='ltr'>infini-</span> 
     </span>
     <span class='ocr_line' id='line_1_29' title="bbox 122 3380 937 3455; baseline -0.001 -12"><span class='ocrx_word' id='word_1_193' title='bbox 122 3390 174 3444; x_wconf 86' lang='lat' dir='ltr'>tas</span> <span class='ocrx_word' id='word_1_194' title='bbox 198 3382 376 3455; x_wconf 85' lang='lat' dir='ltr'>extensiva‚</span> <span class='ocrx_word' id='word_1_195' title='bbox 401 3390 449 3443; x_wconf 87' lang='lat' dir='ltr'>est</span> <span class='ocrx_word' id='word_1_196' title='bbox 472 3390 583 3443; x_wconf 90' lang='lat' dir='ltr'>tamen</span> <span class='ocrx_word' id='word_1_197' title='bbox 607 3380 747 3443; x_wconf 86' lang='lat' dir='ltr'>infinitas</span> <span class='ocrx_word' id='word_1_198' title='bbox 771 3381 937 3444; x_wconf 90' lang='lat' dir='ltr'>intensiva.</span> 
     </span>
    </p>
   </div>
   <div class='ocr_carea' id='block_1_3' title="bbox 122 3594 1092 3891">
    <p class='ocr_par' dir='ltr' id='par_1_8' title="bbox 122 3594 1092 3891">
     <span class='ocr_line' id='line_1_30' title="bbox 192 3594 1086 3675; baseline -0.004 -17"><span class='ocrx_word' id='word_1_199' title='bbox 192 3596 253 3658; x_wconf 90' lang='lat' dir='ltr'>AD</span> <span class='ocrx_word' id='word_1_200' title='bbox 278 3607 426 3658; x_wconf 82' lang='lat' dir='ltr'><strong>PRIMUM</strong></span> <span class='ocrx_word' id='word_1_201' title='bbox 451 3607 670 3657; x_wconf 81' lang='lat' dir='ltr'>PRINCIPALE</span> <span class='ocrx_word' id='word_1_202' title='bbox 702 3594 775 3655; x_wconf 91' lang='lat' dir='ltr'>dico</span> <span class='ocrx_word' id='word_1_203' title='bbox 798 3594 888 3675; x_wconf 91' lang='lat' dir='ltr'>quod</span> <span class='ocrx_word' id='word_1_204' title='bbox 916 3594 969 3655; x_wconf 85' lang='lat' dir='ltr'>illa</span> <span class='ocrx_word' id='word_1_205' title='bbox 989 3614 1086 3655; x_wconf 89' lang='lat' dir='ltr'>causa</span> 
     </span>
     <span class='ocr_line' id='line_1_31' title="bbox 125 3694 1092 3785; baseline -0.006 -20"><span class='ocrx_word' id='word_1_206' title='bbox 125 3694 225 3784; x_wconf 86' lang='lat' dir='ltr'>quam</span> <span class='ocrx_word' id='word_1_207' title='bbox 249 3703 397 3785; x_wconf 88' lang='lat' dir='ltr'>assignat</span> <span class='ocrx_word' id='word_1_208' title='bbox 421 3696 631 3782; x_wconf 85' lang='lat' dir='ltr'>Augustinus</span> <span class='ocrx_word' id='word_1_209' title='bbox 654 3721 720 3763; x_wconf 94' lang='lat' dir='ltr'>non</span> <span class='ocrx_word' id='word_1_210' title='bbox 743 3710 792 3762; x_wconf 87' lang='lat' dir='ltr'>est</span> <span class='ocrx_word' id='word_1_211' title='bbox 807 3699 941 3781; x_wconf 75' lang='lat' dir='ltr'>praecisa</span> <span class='ocrx_word' id='word_1_212' title='bbox 956 3700 1013 3762; x_wconf 90' lang='lat' dir='ltr'>sed</span> <span class='ocrx_word' id='word_1_213' title='bbox 1035 3699 1092 3760; x_wconf 90' lang='lat' dir='ltr'>ali-</span> 
     </span>
     <span class='ocr_line' id='line_1_32' title="bbox 122 3812 233 3891; baseline 0.027 -19"><span class='ocrx_word' id='word_1_214' title='bbox 122 3812 233 3891; x_wconf 91' lang='lat' dir='ltr'>qualis.</span> 
     </span>
    </p>
   </div>
   <div class='ocr_carea' id='block_1_4' title="bbox 0 0 1328 4267">
    <p class='ocr_par' dir='ltr' id='par_1_9' title="bbox 0 0 1328 4267">
     <span class='ocr_line' id='line_1_33' title="bbox 0 0 1328 4267; baseline 0 0"><span class='ocrx_word' id='word_1_215' title='bbox 0 0 1328 4267; x_wconf 95' lang='lat' dir='ltr'> </span> 
     </span>
    </p>
   </div>
  </div>
 </body>
</html>
