2634 4267
304 319 490 383 D1smucr.
515 321 560 382 111
585 319 731 402 Qunsr.
749 322 797 384 IV
991 338 1052 404 147

91 524 205 606 patris
222 524 258 586 in
283 523 402 587 divinis
417 533 465 588 est
481 525 675 608 principium
699 526 900 608 producendi
924 528 1074 591 notitiam

88 631 272 693 actualem
298 629 466 696 infinitam.

170 735 303 800 Contra
328 737 408 800 istas
431 737 572 801 rationes
595 739 743 813 instatur,
767 740 845 821 quia
870 739 975 804 forma
998 762 1074 823 pro-

90 844 242 907 ductiva
278 844 421 925 plurium
456 865 522 908 non
546 855 677 928 oportet
710 847 800 928 quod
827 846 945 911 habeat
969 868 1073 910 unum

90 951 255 1032 primum
280 950 446 1031 objectum
470 951 503 1013 in
538 973 606 1035 quo
640 953 847 1016 continentur
879 954 990 1016 omnia
1011 954 1074 1018 alia

91 1057 249 1138 objecta,
279 1066 315 1118 ut
331 1067 420 1139 patet
435 1058 477 1121 de
492 1057 598 1121 forma
620 1059 696 1122 solis
719 1069 866 1142 respectu
893 1059 1073 1124 formarum

92 1163 364 1246 generabilium
381 1184 441 1228 nec
456 1165 554 1227 etiam
568 1175 699 1248 oportet
722 1168 813 1248 quod
829 1166 949 1230 habeat
960 1177 1072 1230 actum

93 1292 211 1333 unum
237 1270 299 1332 sibi
332 1271 554 1353 adaequatum,
579 1273 635 1334 sed
668 1273 784 1355 plures,
809 1309 852 1320 -
875 1275 1072 1354 Responsio:

93 1399 169 1440 non
195 1386 249 1440 est
272 1377 376 1439 simile
398 1378 439 1440 de
462 1378 621 1460 principio
653 1379 790 1442 limitato
814 1380 855 1442 de
877 1381 1073 1461 productivo

92 1493 200 1545 extra
225 1503 270 1555 se,
287 1483 376 1545 etde
399 1483 557 1566 principio
581 1485 777 1567 productivo
801 1485 894 1566 cujus
909 1495 957 1548 est
980 1495 1073 1550 actus

95 1599 200 1652 extra
227 1610 372 1665 manem,
389 1599 426 1652 ut
450 1600 540 1672 patet
556 1612 614 1672 per
637 1591 875 1674 Philosophum
900 1611 929 1655 1.
960 1591 1071 1656 Etlzic.

93 1705 134 1758 et
158 1716 193 1778 9.
220 1695 371 1778 Metaplt.
714 1683 716 1686 ¹

177 1801 305 1878 Quarto
335 1803 482 1885 arguitur
506 1803 723 1886 principaliter
747 1814 859 1867 contra
882 1805 1071 1887 opinionem

94 1909 168 1971 sic:
194 1909 375 1972 intellectus
399 1929 464 1972 non
499 1911 615 1972 codem
647 1912 748 1974 modo
780 1910 956 1974 formaliter
979 1913 1071 1977 novit

95 2015 314 2079 habitualiter
337 2017 431 2096 plura
447 2017 504 2098 qui
528 2025 635 2097 potest
650 2017 719 2079 sine
741 2019 996 2082 contradictione
1012 2040 1071 2082 no-

94 2144 194 2186 scere
230 2122 436 2186 habitualiter
471 2123 534 2186 hoc
557 2133 589 2186 et
613 2145 678 2187 non
715 2145 847 2187 noscere
880 2125 976 2204 illud;
1012 2127 1070 2189 sed

98 2229 213 2293 omnis
228 2230 410 2292 intellectus
425 2227 552 2293 creatus
568 2241 676 2313 potest
692 2252 824 2294 noscere
839 2253 943 2295 unum
960 2233 1070 2314 objec-

95 2347 178 2399 tum
203 2346 236 2399 et
260 2357 325 2398 non
349 2337 454 2415 aliud3
478 2358 558 2420 ergo
575 2339 682 2400 nullus
705 2339 778 2402 talis
806 2339 896 2401 novit
920 2338 1070 2403 habitua-

96 2445 176 2506 liter
200 2443 317 2505 eodem
343 2444 443 2507 modo
467 2446 560 2525 plura
596 2445 734 2525 objecta.
759 2446 919 2509 Probatur
943 2447 1064 2521 minor,

95 2550 182 2632 quia
207 2571 273 2612 non
298 2559 405 2632 posset
429 2570 561 2613 noscere
584 2551 789 2615 habitualiter
804 2554 834 2613 Α
859 2553 982 2634 absque
1005 2553 1069 2616 hoc

96 2657 197 2739 quod
232 2666 443 2738 cognosceret
466 2658 508 2730 B,
537 2658 606 2721 sine
629 2659 902 2736 contradictione;
927 2660 976 2721 vel
1005 2660 1069 2723 hoc

95 2761 190 2826 esset
214 2784 257 2825 ex
281 2772 373 2843 parte
389 2764 461 2826 talis
486 2756 677 2839 intellectus,
701 2767 791 2846 quod
814 2776 904 2847 patet
920 2787 988 2828 esse
1011 2767 1070 2829 sal-

96 2892 197 2947 sum;
213 2870 265 2932 vel
282 2880 414 2952 propter
438 2872 653 2933 necessariam
678 2873 898 2956 colligantiam
926 2873 1068 2954 objecto-

96 2998 188 3050 rum,
212 2977 305 3058 quod
320 2984 368 3039 est
391 2976 520 3053 falsum,
537 2979 614 3059 quia
629 2988 737 3060 potest
753 3000 855 3040 unum
883 3001 996 3041 eorum
1025 2982 1068 3044 ab

99 3083 268 3146 intellectu
285 3092 396 3146 nostro
412 3083 548 3166 intelligi
571 3086 673 3147 altero
696 3106 761 3148 non
786 3086 957 3150 intellecto,

173 3189 297 3266 Quinto
319 3189 381 3251 sic:
418 3190 613 3254 includentia
648 3193 787 3255 rationes
818 3193 924 3274 primo
955 3193 1067 3275 seipsis

94 3298 246 3360 diversas
281 3315 347 3358 non
371 3308 508 3379 possunt
531 3299 680 3360 distincte
704 3299 857 3380 cognosci
881 3320 937 3381 per
962 3321 1065 3362 unum

97 3424 281 3468 commune
308 3405 626 3486 repraesentativum,
649 3406 726 3467 nihil
765 3406 851 3467 enim
890 3416 938 3469 est
975 3407 1067 3488 quod

97 3512 143 3574 sit
177 3511 261 3574 ratio
294 3510 528 3574 convenientiae
562 3522 596 3576 et
629 3512 816 3575 differentiae
853 3523 888 3575 ut
922 3514 984 3588 sic;
1008 3515 1066 3575 sed

96 3628 231 3682 cunctae
267 3627 424 3681 creaturae
454 3608 624 3682 includunt
658 3620 797 3682 rationes
825 3619 932 3701 primo
954 3620 1067 3701 seipsis

97 3726 244 3788 diversas
267 3745 310 3787 ex
337 3722 456 3801 Quoest.
480 3725 519 3788 de
542 3726 830 3801 individuatr‘orre,·
854 3747 943 3809 ergo,
968 3735 1030 3789 etc.
