2634 4267
308 321 495 382 Drsrmcr.
520 320 619 383 XXX
644 320 790 402 QUAEsr.
816 323 829 385 1
988 340 1046 408 371

97 522 220 586 minus
244 524 370 586 bonum
394 545 494 606 quarn
518 535 587 588 tota
611 536 743 607 natura3
767 548 847 610 ergo
859 538 991 609 propter
1003 528 1073 610 ejus

96 640 285 710 peccatum
308 640 379 694 tota
402 618 607 695 natura'non
630 634 728 695 debet
751 634 947 716 originaliter
975 635 1069 699 infici.

181 734 313 801 Contra.
339 737 464 801 Omnes
487 740 649 801 nascimur
673 738 727 801 filii
751 741 817 820 irae,
852 741 957 822 inquit
980 742 1072 823 Apo-

96 845 230 923 stolus;
255 845 311 906 sed
341 865 407 907 non
441 855 574 927 propter
609 856 779 927 peccatum
814 849 957 923 actuale;
993 869 1073 931 ergo

97 961 246 1032 propter
270 960 441 1032 peccatum
465 952 630 1034 originale.

178 1060 422 1138 RESPONDE03
447 1057 499 1121 hic
522 1068 597 1121 sunt
621 1061 688 1122 duo
712 1060 860 1123 videnda.
884 1061 1000 1123 Primo
1024 1062 1072 1124 di·

98 1173 201 1226 cetur
225 1165 303 1245 quid
320 1165 360 1227 sit
383 1175 554 1247 peccatum
579 1167 743 1248 originale.
770 1166 914 1229 Secundo
931 1169 973 1231 ad
1000 1189 1073 1250 pro·

102 1271 268 1353 positum.

182 1484 410 1571 Quantum
434 1488 499 1551 ad
509 1487 715 1569 primum
739 1497 787 1549 est
806 1489 930 1569 duplex
955 1490 1072 1551 modus

102 1592 250 1666 dicendi,
283 1614 369 1655 unus
391 1592 549 1674 Magistri,
584 1603 617 1655 et
650 1595 787 1675 exponit
821 1616 897 1657 eum
926 1595 1070 1658 maxime

104 1699 278 1761 Aureolus
301 1699 356 1780 qui
381 1700 569 1781 dicitquod
594 1711 765 1781 peccatum
790 1702 945 1783 originale
965 1711 1072 1783 potest

103 1806 212 1886 accipi
238 1807 442 1868 materialiter
464 1816 496 1868 et
520 1806 704 1869 formaliter.
730 1808 955 1870 Matem'alr'ter
976 1810 1065 1889 quod

105 1922 160 1974 est
182 1913 336 1993 quaedam
360 1914 498 1994 qualitas
522 1914 670 1976 morbida
694 1914 725 1974 in
750 1915 895 1995 appetitu
917 1915 1068 1977 sensitivo

107 2040 188 2100 quae
212 2018 288 2082 facit
311 2019 533 2082 difficultatem
557 2021 598 2081 ad
622 2022 746 2081 bonum
771 2031 803 2083 et
827 2022 1067 2084 inclinationem

106 2127 153 2187 ad
178 2128 311 2188 malum.
336 2126 394 2189 Ad
418 2127 510 2207 cujus
534 2128 783 2190 intellectionem
808 2138 886 2190 nota
910 2129 999 2210 quod
1034 2130 1069 2190 si·

106 2242 167 2295 cut
191 2233 336 2314 leprosus
360 2243 492 2315 generat
515 2236 681 2315 quandam
706 2236 895 2315 qualitatem
919 2235 1070 2298 infectam

107 2340 143 2400 in
166 2324 348 2402 substantia
371 2342 528 2422 generati,
554 2350 686 2422 propter
710 2363 809 2423 quam
823 2341 916 2403 ‘filius
947 2351 995 2403 est
1030 2343 1071 2403 le-

107 2466 243 2527 prosus3
267 2447 311 2510 sic
327 2448 478 2509 voluntas
502 2469 639 2529 peccans
663 2457 774 2510 causat
798 2448 946 2510 incarne
969 2469 1072 2529 quan-

106 2554 187 2614 dam
211 2555 400 2636 qualitatem
433 2556 615 2617 morbidam
650 2557 896 2618 antecedentem
932 2555 1067 2617 curvita-

106 2670 177 2723 tem
202 2661 394 2741 voluntatis3
418 2670 449 2723 et
473 2662 517 2723 sic
540 2671 587 2723 est
618 2661 701 2723 sicut
736 2664 865 2743 pondus
899 2662 1067 2743 quoddam

107 2768 142 2828 in
165 2788 262 2829 carne
285 2768 441 2830 inclinans
464 2769 606 2829 animam
630 2769 673 2830 ad
691 2769 959 2830 consentiendum
984 2769 1070 2830 carni

107 2883 143 2935 et
177 2875 396 2955 reprimensa
427 2875 695 2936 delectationibus
720 2875 946 2956 spiritualibus
974 2875 1071 2955 juxta

107 2980 190 3042 illud
214 2979 291 3062 Sap.
316 3000 355 3063 9:
381 2980 508 3062 Corpus
532 2982 621 3062 quod
645 2982 829 3062 corrupitur
853 2991 1013 3063 aggravat
1043 3003 1076 3043 a·

109 3088 244 3149 nimam.
270 3088 315 3149 Et
338 3088 391 3149 illa
413 3088 550 3170 qualitas
574 3109 742 3169 nunquam
779 3087 933 3149 minuitur
965 3088 996 3148 in
1028 3109 1074 3150 es·

108 3195 212 3256 sentia
235 3215 292 3255 sua
316 3194 389 3257 licet
412 3195 515 3276 gratia
528 3196 629 3275 possit
649 3195 770 3276 augeri.
797 3195 994 3275 Exemplum
1012 3216 1068 3275 po-

108 3302 196 3363 nitur
219 3301 260 3362 de
284 3301 390 3382 lapide
412 3322 558 3382 appenso
581 3302 622 3362 ad
646 3302 714 3363 alas
739 3302 874 3382 passeris
897 3311 930 3363 et
953 3302 1069 3382 aquilae

108 3408 186 3489 quia
197 3416 490 3489 quantumcunque
513 3409 561 3470 vis
586 3408 708 3470 motiva
732 3409 854 3483 crescit,
880 3408 1009 3488 pondus
1024 3416 1071 3469 ta-

111 3536 186 3577 men
210 3524 321 3576 manet
344 3514 440 3580 idem.
465 3553 508 3561 -
533 3515 565 3577 Si
590 3524 700 3576 autem
726 3515 898 3596 loquamur
934 3515 974 3576 de
999 3535 1071 3594 pec-

108 3631 184 3684 cato
206 3620 354 3702 originali
369 3622 570 3703 formaliter,
597 3621 675 3683 dicit
700 3624 824 3684 Doctor
848 3622 906 3683 iste
923 3621 1012 3702 quod
1024 3630 1074 3682 est

107 3726 298 3792 deformitas
319 3748 394 3810 quae
418 3728 477 3790 suit
501 3729 532 3790 in
557 3739 630 3792 actu
656 3729 836 3791 inratione
867 3728 1065 3810 displicibilis
