2634 4267
223 261 412 322 Drsrruer.
437 259 581 321 XXXIII
607 258 754 340 Quaeso.
779 261 901 323 Uulca
993 280 1052 343 391

112 466 234 530 horum
260 464 338 526 mihi
363 476 487 528 certum
511 474 568 537 est,
586 453 664 548 quia
676 468 766 549 quod
784 488 848 529 non
862 469 1019 549 probatur
1035 490 1078 530 ex

114 574 147 637 S.
174 574 352 655 Scriptura,
369 574 482 634 eadem
500 572 651 636 facilitate
679 575 898 636 contemnitur
921 595 986 656 qua
1008 596 1080 656 pro-

112 682 229 757 batur;
254 680 326 742 ideo
351 678 506 742 confiteor
531 702 583 742 me
607 682 738 743 nescire.

183 786 245 849 An
263 801 406 849 PRIMUM
423 801 684 851 ARGUMENTUM
709 802 926 852 PRINCIPALE
947 809 1081 869 respon-

115 894 171 955 det
196 894 434 966 Bonaventura‚
460 896 549 975 quod
574 895 782 976 Augustinus
806 896 947 976 loquitur
971 915 1081 957 exces-

115 1001 184 1063 sive
208 1002 249 1062 ad
273 1001 506 1062 destruendum
532 1000 670 1063 haereses
687 1002 937 1083 Pelagianorum
961 1002 1016 1083 qui
1033 1002 1081 1063 di-

115 1108 236 1169 cebant
260 1108 412 1187 parvulos
436 1109 523 1169 nulla
547 1130 646 1189 poena
671 1110 785 1189 puniri.
820 1109 919 1171 Unde
943 1108 1025 1172 sicut
1048 1109 1082 1171 iu

116 1214 296 1276 moralibus
320 1214 371 1275 via
394 1215 585 1276 deveniendi
608 1217 650 1278 ad
668 1216 812 1277 medium
838 1225 886 1277 est
903 1216 1081 1306 aliqualiter

117 1320 294 1403 procedere
310 1320 394 1382 ultra
410 1322 554 1383 medium
579 1343 689 1383 versus
705 1332 902 1395 extremum,
927 1324 1010 1384 sicut
1026 1342 1082 1403 po-

117 1428 166 1489 nit
189 1429 380 1508 exemplum
405 1427 621 1509 Philosophus
636 1448 667 1491 2.
693 1428 805 1491 Etlzz'c.
822 1430 863 1492 de
876 1430 967 1511 virga
984 1438 1081 1501 recta,

117 1536 163 1596 ita
188 1534 299 1597 Sancti
323 1534 524 1615 disputantes
541 1546 653 1598 contra
678 1534 818 1597 haereses
834 1537 925 1617 quasi
949 1556 1083 1616 accepe-

118 1651 196 1703 runt
212 1650 398 1703 extremum
416 1651 452 1703 ut
468 1643 657 1704 reducerent
682 1643 852 1704 haereticos
867 1644 910 1704 ad
927 1643 1082 1704 medium.

186 1749 246 1810 Ad
264 1750 439 1811 secuudum
465 1750 537 1811 dico
561 1750 650 1831 quod
675 1750 757 1811 sicut
781 1770 920 1830 corpora
951 1750 1086 1811 damna-

118 1864 230 1917 torum
267 1856 433 1935 patiuntur
457 1866 488 1917 et
512 1878 577 1918 non
613 1841 844 1929 dissolvuntur,
868 1858 912 1918 ita
947 1877 1084 1937 corpora

120 1965 258 2025 istorum
293 1972 387 2024 erunt
418 1963 635 2044 impassibilia,
672 1963 908 2049 nonquidem
933 1985 976 2025 ex
1007 1965 1085 2025 dote

120 2069 387 2152 impassibilitatis
422 2091 523 2151 quam
559 2069 669 2133 Sancti
705 2070 836 2144 habent,
869 2071 925 2131 sed
949 2091 992 2131 ex
1023 2070 1085 2131 alia

120 2198 218 2241 causa
242 2196 307 2257 qua
331 2196 397 2239 non
422 2177 588 2257 patiuntur
612 2178 699 2238 intus
723 2198 782 2238 nec
806 2185 863 2238 ext
881 2198 909 2237 a.

188 2284 249 2345 Ad
268 2283 399 2345 tertium
424 2283 497 2345 dico
521 2285 609 2366 quod
634 2284 718 2345 sicut
740 2283 844 2345 fomes
873 2284 932 2345 iste
960 2283 1086 2345 nullum

122 2390 344 2454 inordinatum
370 2398 497 2451 motum
522 2391 654 2453 suscitat
678 2390 710 2453 in
734 2391 834 2452 eisin
858 2390 924 2452 vita
948 2390 1017 2463 ista,
1043 2389 1087 2449 ita

122 2518 182 2560 nec
206 2495 249 2558 ibi
273 2494 449 2557 suscitabit.

189 2603 248 2664 Ad
268 2602 423 2665 ultimum
450 2613 540 2684 patet
564 2624 607 2664 ex
632 2604 725 2666 dictis
750 2604 781 2664 in
805 2604 914 2684 primo
938 2602 1039 2664 dubio
1054 2622 1086 2684 4.

121 2709 279 2774 Articuli.
