2634 4267
339 268 526 331 Drsrnver.
552 270 580 330 ll
605 267 752 349 Qunsr.
777 269 821 331 111
1012 272 1050 333 81

106 483 332 535 mentatorem
341 492 376 553 j.
401 474 439 535 de
461 473 535 535 cala
557 483 589 536 et
611 475 743 545 rnaada,
773 473 862 555 lapis,
879 473 993 555 inquit,
1011 494 1078 537 mo

105 588 162 642 vet
185 581 335 661 seipsum
360 580 554 661 inquantum
586 580 693 662 gravis
723 581 755 641 in
778 590 864 641 actu.
889 580 934 642 Et
964 581 1079 664 confir-

107 697 223 750 matur
246 687 384 760 ratione,
408 686 514 768 primo
545 687 608 749 sic:
644 687 750 748 omnis
781 686 913 750 effectus
943 688 1076 768 quando

105 802 264 856 causatur
283 793 383 855 habet
399 814 513 855 causas
529 794 561 854 in
578 803 664 857 actu.
686 793 900 875 Accipiantur
916 815 995 876 ergo
1011 794 1079 856 duo

106 901 236 982 gravia,
249 909 333 982 puta
346 921 430 962 unus
446 920 558 962 saccus
573 901 615 962 de
630 921 728 962 arena
750 909 783 962 et
799 921 883 963 unus
898 901 939 963 de
955 900 1076 982 pluma,

106 1017 141 1069 et
168 1015 336 1089 ponantur
359 1006 392 1067 in
415 1006 532 1088 aequali
556 1007 708 1069 distantia
731 1016 877 1087 respectu
902 1007 1013 1081 centri,
1045 1015 1077 1068 et

110 1114 144 1175 in
173 1113 295 1194 aequali
327 1112 493 1175 influentia
528 1122 675 1194 respectu
710 1113 795 1192 coeli,
819 1122 851 1175 et
885 1114 926 1176 sit
952 1113 1078 1195 aequale

107 1220 238 1301 pellens
261 1228 294 1281 et
328 1219 462 1301 aequalis
496 1219 672 1282 resistentia
711 1220 818 1292 medii,
850 1241 964 1301 quaero
987 1230 1077 1293 tunc,

107 1348 189 1408 quae
215 1336 263 1388 est
280 1347 378 1388 causa
389 1326 479 1407 quod
491 1347 587 1388 arena
603 1326 696 1388 citius
711 1326 894 1400 descendit;
913 1326 1077 1389 nonenim

107 1442 163 1495 est
199 1432 368 1494 influentia
395 1432 480 1505 coeli,
521 1453 579 1494 nec
606 1433 758 1495 distantia
785 1433 895 1507 centri,
919 1454 978 1494 nec
994 1434 1079 1494 actio

110 1540 275 1621 pellentis
305 1560 365 1601 nec
388 1539 566 1602 resistentia
597 1540 704 1613 medii,
729 1540 805 1621 quia
828 1539 938 1601 omnia
954 1560 1079 1620 ponun-

110 1657 168 1708 tur
192 1646 353 1727 aequalia;
378 1666 457 1727 ergo
481 1646 671 1728 relinquitur
687 1647 777 1728 quod
793 1646 833 1708 sit
845 1647 952 1727 ipsum
970 1666 1077 1727 grave.

180 1752 242 1814 Ad
262 1753 333 1814 alia
356 1772 431 1833 quae
455 1753 663 1815 adducuntur
679 1753 710 1814 in
735 1752 933 1814 contrarium
950 1753 991 1813 de
1007 1751 1078 1813 Phi·

111 1858 257 1940 losopho
279 1858 313 1923 8.
338 1859 439 1942 Phys.
464 1860 522 1922 Ad
545 1868 610 1921 tres
633 1860 755 1940 primas
775 1859 982 1940 probationes
1004 1858 1078 1921 dico

110 1966 206 2047 quod
231 1986 297 2027 non
315 1966 387 2047 plus
403 1965 604 2028 concludunt
620 1965 679 2027 nisi
702 1966 792 2046 quod
814 1985 913 2047 grave
929 1986 994 2026 non
1012 1985 1078 2025 mo-

110 2082 168 2135 vet
193 2093 228 2134 se
251 2072 335 2135 sicut
358 2094 458 2154 agens
481 2093 539 2154 per
574 2072 813 2154 cognitionem:
832 2053 894 2133 =sed
927 2071 988 2132 hoc
1013 2091 1077 2132 non

110 2189 164 2242 est
187 2188 303 2241 contra
327 2200 388 2241 me.

181 2285 243 2347 Ad
262 2296 414 2366 quartam
432 2285 656 2366 probationem
683 2285 756 2347 dico
772 2283 862 2365 quod
886 2284 1077 2345 continuum

113 2413 182 2456 non
207 2402 256 2454 est
280 2412 407 2473 semper
431 2392 577 2472 ejusdem
601 2391 819 2473 dispositionis
835 2390 866 2452 in
891 2399 982 2472 parte
997 2399 1030 2452 et
1045 2391 1077 2451 in

111 2507 197 2573 tot0,
221 2498 299 2579 quia
323 2507 359 2560 ut
386 2498 600 2561 declarabitur
625 2498 661 2560 in
680 2516 715 2577 j.
739 2498 817 2561 dist.
853 2518 953 2578 agens
978 2497 1079 2577 aequi-

111 2626 235 2669 vocum
260 2614 309 2667 est
332 2606 396 2667 tale
418 2605 450 2667 in
474 2613 548 2667 actu
574 2604 750 2667 virtualiter
773 2604 869 2685 quale
892 2624 1025 2684 passum
1046 2604 1078 2666 in

113 2712 263 2794 potentia
294 2710 479 2774 formaliter.
503 2747 547 2758 -
571 2712 616 2772 Et
647 2711 672 2777 si
704 2711 836 2772 ulterius
866 2710 999 2790 objicias
1022 2731 1079 2791 per

113 2818 331 2881 Aristotelem
354 2837 384 2881 2.
408 2818 448 2880 de
467 2828 613 2900 generat.
638 2817 694 2898 qui
710 2817 787 2879 dicit
810 2817 899 2897 quod
916 2816 1027 2898 gravia
1047 2825 1079 2878 et

114 2926 209 2999 levia,
235 2945 294 2987 nec
318 2925 425 2987 activa
450 2945 508 2986 nec
534 2924 660 3005 passiva
683 2933 768 2997 sunt,
793 2923 863 2985 dica
885 2925 975 3004 quod
1006 2922 1080 2984 Ari-

114 3033 248 3095 stoteles
272 3031 416 3112 loquitur
440 3032 481 3093 de
505 3040 597 3093 motu
621 3039 654 3092 et
677 3031 843 3092 accidente
866 3030 907 3091 ad
939 3028 1078 3090 formam

113 3138 372 3212 substantialem,
398 3158 463 3199 non
488 3146 597 3199 autem
621 3138 663 3199 de
687 3145 778 3198 motu
802 3137 844 3197 ad
861 3137 979 3210 locum,
1002 3136 1079 3216 quia

114 3247 147 3308 in
170 3244 204 3309 8.
229 3244 332 3326 Phys.
357 3265 382 3306 c.
407 3245 465 3307 alt.
491 3243 617 3306 videtur
641 3264 761 3325 ponere
784 3244 873 3325 quod
898 3242 1009 3324 gravia
1025 3241 1079 3302 ha-

114 3353 213 3415 beant
248 3351 431 3433 potentiam
462 3350 601 3412 activam
634 3359 781 3431 respectu
814 3350 878 3411 ubi.
915 3350 960 3410 Et
990 3348 1022 3409 in
1045 3367 1076 3430 4.

115 3459 215 3542 Plrys.
240 3481 267 3523 c.
285 3459 345 3521 ult.
372 3457 403 3518 in
427 3465 566 3518 tractatu
590 3458 629 3519 de
645 3478 755 3531 vacua,
784 3455 860 3517 dicit
883 3456 973 3536 quod
1000 3454 1078 3516 den-

116 3588 188 3629 sum
212 3578 245 3631 et
269 3585 382 3628 rarum
406 3564 585 3625 secundum
602 3563 862 3626 contrarietatem
879 3562 1077 3643 gravitatum

981 3689 996 3731 a
1073 3724 1077 3729 .
