2634 4267
338 253 527 319 Drsrrucr.
552 255 596 317 111
621 253 768 336 Qurssr.
793 257 807 318 Ι
1012 275 1051 336 91

180 456 248 519 Sed
267 459 364 540 forte
386 459 469 522 ratio
500 480 566 522 non
589 461 676 522 valet
706 461 782 541 quia
813 470 920 542 potest
950 461 1013 523 dici
1035 462 1081 524 ab

119 563 300 627 adversario
324 567 417 646 quod
447 567 520 630 talis
543 576 658 629 natura
688 576 737 629 est
771 567 872 641 Deus
908 588 974 630 non
1005 568 1082 630 An*

120 670 213 750 gelus.

180 778 254 840 Ideo
277 779 421 841 astulia
451 779 537 842 ratio
560 780 672 842 melior
696 779 784 842 talis:
811 782 962 844 Duarum
993 781 1080 843 diffe-

120 884 290 947 rentiarum
316 886 379 948 sub
403 886 511 967 aliquo
534 907 652 969 genere
668 886 694 948 si
717 886 936 969 imperfectior
960 887 1080 950 consti-

120 989 177 1051 tuit
198 992 343 1074 speciem
367 992 399 1054 in
423 1002 555 1068 natura;
579 1013 659 1075 ergo
682 1002 715 1056 et
750 994 897 1056 nobilior.
923 993 988 1058 Sed
1013 1014 1083 1056 cor-

121 1115 252 1176 poreum
275 1108 310 1162 et
345 1099 573 1181 incorporeum
604 1108 681 1162 sunt
704 1100 893 1163 differentiae
918 1100 1082 1182 oppositae
1172 1171 1176 1182 ⁸

122 1202 177 1265 sub
213 1226 335 1287 genere
369 1206 569 1281 substantiae,
604 1215 637 1268 et
683 1227 879 1289 corporeum
914 1207 1083 1270 constituit

123 1310 275 1389 speciem;
299 1332 381 1395 ergo
404 1322 436 1374 et
459 1313 697 1394 incorporeum.

184 1415 225 1479 Si
253 1439 330 1482 vero
353 1419 487 1502 objicias
510 1439 567 1500 per
592 1420 822 1502 Augustinum
846 1440 943 1501 super
971 1440 1082 1502 genes.

124 1522 167 1582 ad
178 1523 322 1588 litteram
334 1535 368 1589 et
375 1544 410 1605 3.
422 1527 462 1588 de
479 1526 510 1589 T
504 1526 569 1591 rin.
582 1535 615 1588 et
625 1525 659 1592 8.
673 1527 712 1588 de
731 1527 760 1588 T
755 1526 877 1588 rinubi
891 1526 978 1600 dicit,
991 1527 1084 1608 quod

125 1626 239 1710 Angeli
256 1642 335 1696 sunt
358 1633 514 1714 corporei,
538 1633 609 1696 dico
632 1633 722 1714 quod
751 1632 822 1696 haec
847 1632 1011 1695 conclusio
1034 1641 1084 1695 est,

126 1732 270 1812 Platonis,
303 1759 371 1801 non
404 1739 594 1822 Augustini,
627 1759 687 1802 nec
719 1739 927 1822 Augustinus
958 1739 1085 1802 curavit

127 1858 193 1904 eam
209 1847 394 1928 reprobare,
418 1847 475 1909 sed
491 1847 724 1908 tantummodo
738 1846 880 1920 recitare,
905 1846 992 1908 unde
1015 1846 1085 1908 Ma-

128 1949 218 2031 gister
245 1953 324 2015 dicit
346 1952 381 2016 8.
412 1953 489 2015 dist.
520 1953 653 2015 secundi
684 1953 773 2034 quod
804 1953 1013 2035 Augustinus
1035 1953 1085 2014 di*

129 2055 168 2118 cit
188 2057 250 2122 hoc
274 2060 441 2122 recitative
464 2080 529 2122 non
552 2059 748 2122 assertative.

197 2271 420 2356 Quantum
456 2274 521 2339 ad
552 2273 796 2338 secundum
830 2271 1084 2338 Articulum

131 2395 190 2439 non
211 2388 260 2442 est
281 2380 421 2443 dubium
454 2380 495 2442 de
517 2380 680 2442 accidente
709 2379 879 2460 corporali,
906 2378 996 2460 quod
1027 2399 1085 2460 pa-

132 2489 173 2545 tet
193 2505 234 2547 ex
256 2487 392 2549 articulo
415 2487 621 2569 praecedenti,
645 2485 702 2548 sed
731 2495 779 2548 est
802 2485 941 2548 dubium
965 2486 1006 2547 de
1033 2506 1085 2547 ac-

131 2589 244 2655 cidente
265 2593 458 2675 spirituali:
482 2602 563 2675 puta
586 2593 627 2655 de
643 2592 869 2666 intellectione,
893 2592 919 2654 si
943 2591 1085 2654 intellec-

133 2693 174 2758 tio
194 2708 241 2762 est
262 2701 350 2763 idem
372 2699 583 2763 essentialiter
607 2699 639 2761 in
664 2698 808 2780 Angelo.

193 2805 235 2868 Et
247 2808 377 2870 videtur
392 2806 611 2887 Philosophus
627 2806 745 2868 sentire
761 2824 812 2870 12.
829 2804 976 2886 Metaplz.
994 2805 1086 2886 quod

134 2907 182 2974 sic.
204 2913 260 2976 Ad
282 2915 373 2996 quod
404 2922 547 2995 arguunt
569 2913 668 2994 aliqui
698 2912 820 2974 artistae
851 2912 911 2974 sic:
937 2911 1086 2976 Medium

136 3018 268 3083 medians
291 3022 373 3083 inter
403 3021 471 3083 duo
493 3029 641 3082 extrema
657 3027 720 3081 'est
749 3019 853 3101 magis
884 3019 971 3080 idern
995 3017 1086 3082 alteri

135 3133 272 3190 extremo
294 3148 395 3210 quarn
418 3128 472 3189 illa
494 3127 557 3189 sint
579 3126 694 3188 eadem
722 3125 804 3188 inter
828 3146 878 3200 se;
915 3126 971 3187 sed
992 3125 1087 3187 intel*

137 3226 220 3293 lectio
242 3256 306 3315 qua
322 3234 470 3316 intelligit
490 3233 641 3315 Angelus
663 3253 697 3294 se
720 3253 776 3314 per
797 3253 889 3294 suam
913 3230 1087 3297 essentiam

137 3339 246 3402 mediat
268 3343 349 3403 inter
372 3341 571 3402 intellectum
595 3339 728 3420 Angeli,
753 3348 786 3400 et
801 3338 883 3400 inter
912 3338 1086 3404 essentiam

139 3440 247 3526 Angeli
272 3448 486 3522 intellectam;
510 3467 589 3529 ergo
602 3446 774 3508 intellectio
802 3445 935 3526 Angeli,
960 3453 993 3506 et
1028 3465 1077 3506 es·
1104 3475 1107 3478 ·

139 3552 228 3614 sentia
250 3556 319 3637 ejus
342 3562 418 3616 sunt
442 3554 539 3616 idem.

196 3659 255 3723 Ista
277 3661 389 3744 opinio
420 3661 623 3742 improbatur
645 3659 793 3740 superius
823 3681 853 3740 q.
873 3677 908 3742 j.
933 3658 1026 3720 artic.
1050 3676 1084 3724 2.

141 3757 169 3824 iu
188 3767 285 3847 prima
308 3767 433 3830 ratione
455 3776 567 3830 contra
591 3766 808 3828 Avicennam.
834 3764 984 3845 Require.
