2634 4267
246 250 306 312 188
486 248 560 314 Lm.
585 248 615 311 II
639 247 937 312 Saurammnun
1098 25 1270 490 Ἰ

292 454 515 539 Quantum
539 455 605 520 ad
616 453 824 537 primum
847 461 896 516 est
911 454 1031 535 duplex
1051 452 1158 534 opinio.

227 555 313 628 Una
340 556 492 628 Thomae
508 571 544 641 p.
569 579 599 623 Ι.
623 582 654 642 q.
678 558 731 644 64.
754 581 787 622 a.
822 579 853 622 2.
886 560 977 641 quod
1000 560 1093 624 malus
1112 579 1161 621 an-

218 667 310 748 gelus
333 675 381 730 est
404 667 449 729 ita
471 667 663 740 obstinatus,
687 667 777 748 quod
801 687 929 748 semper
959 668 1074 728 malum
1089 666 1161 728 vult.

217 774 321 855 Cujus
343 774 425 836 ratio
447 783 497 836 est
519 774 595 836 ista:
631 773 796 856 appetitus
826 775 1084 855 proportionatur
1111 792 1163 853 ap-

173 874 178 882 ’
219 880 423 962 prehensioni
446 901 466 943 a
489 901 555 961 qua
578 889 738 954 movetur,
763 880 788 942 si
812 880 1046 962 apprehensiva
1072 879 1163 942 virtus

217 986 434 1070 apprehendit
467 987 686 1061 immobiliter,
718 996 797 1050 tunc
827 987 1005 1070 appetitiva
1034 985 1164 1049 adhaeret

219 1093 443 1168 immobiliter;
483 1093 540 1156 sed
570 1092 748 1175 appetitiva
778 1094 885 1175 angeli
916 1093 1164 1176 proportionetur

218 1199 452 1282 apprehensive
467 1209 500 1262 et
516 1208 627 1262 movet
649 1220 733 1273 eam,
757 1209 790 1262 et
813 1199 882 1281 ipsa
902 1199 1103 1261 immobiliter
1116 1217 1164 1278 ap
1268 1231 1270 1270 ;

218 1307 398 1389 prehendit,
422 1307 579 1388 quoniam
603 1306 671 1368 sine
694 1306 850 1380 discursu,
875 1305 1163 1388 apprehensivaau-

218 1423 287 1476 tem
311 1412 450 1476 hominis
473 1434 549 1476 cum
572 1413 738 1490 discursu3
770 1434 850 1495 ergo
881 1413 925 1474 ita
955 1413 1087 1494 angelus
1114 1409 1164 1470 im·
1269 1471 1270 1476 ,

220 1518 380 1581 mobiliter
410 1519 566 1594 adhaeret,
597 1520 688 1601 quod
719 1519 825 1582 bonus
861 1525 927 1582 non
960 1527 1064 1601 potest
1092 1516 1164 1579 male

219 1625 309 1699 velle,
335 1646 394 1688 nec
418 1628 522 1689 malus
553 1626 636 1688 bene
666 1627 757 1702 velle,
790 1626 891 1689 homo
921 1635 1031 1689 autem
1062 1622 1165 1706 poterit
1269 1611 1270 1618 ἵ

219 1733 302 1795 bene
324 1742 357 1795 et
381 1733 465 1794 male
488 1733 579 1795 velle.
1165 1779 1167 1783 -
1268 1793 1270 1798 .

286 1836 377 1906 Alia
389 1842 447 1905 est
458 1837 588 1923 opimi)
602 1836 770 1906 Henrz'cz'
793 1837 907 1915 Quodl.
933 1839 989 1901 lib.
1013 1837 1045 1905 8.
1068 1860 1096 1920 q.
1122 1853 1164 1899 ll.
1269 1831 1270 1858 ³

218 1946 275 2028 qui
298 1955 386 2008 tenet
410 1947 547 2008 eandem
578 1946 830 2020 conclusionem,
862 1946 919 2007 sed
949 1946 1041 2008 aliter
1063 1942 1165 2026 probat

218 2074 292 2115 eam
316 2053 377 2115 sic:
402 2053 553 2115 voluntas
575 2061 700 2134 quanto
723 2061 772 2114 est
795 2050 976 2134 perfectior,
1001 2061 1089 2114 tanto
1108 2069 1164 2132 per-

220 2158 334 2222 fectius
357 2160 522 2242 immergit
545 2181 579 2222 se
602 2160 754 2240 object03
772 2159 828 2220 sed
843 2159 996 2221 voluntas
1011 2158 1112 2240 angeli
1125 2163 1164 2218 est

220 2267 366 2328 maxime
389 2265 529 2347 perfecta
554 2287 630 2329 cum
654 2267 696 2328 sit
719 2275 866 2346 separata
889 2286 908 2326 a
931 2284 1084 2347 corpore,
1098 2280 1162 2343 ergo

220 2373 365 2435 maxime
387 2373 553 2455 immergit
576 2394 610 2435 se
633 2372 762 2453 objecto
786 2372 830 2434 ita
854 2380 891 2433 ut
917 2372 960 2434 ab
991 2393 1031 2434 eo
1062 2368 1161 2432 resilire

220 2500 286 2541 non
310 2479 410 2560 possit
433 2478 516 2542 sicut
538 2480 564 2541 si
587 2478 709 2541 ferrum
733 2479 933 2560 impingatur
957 2478 1022 2540 ossi
1042 2473 1159 2540 retundi·
1263 2467 1264 2476 ¹

219 2594 272 2647 tur
296 2606 355 2648 nec
378 2585 496 2648 retrahi
520 2594 628 2667 potest
651 2606 711 2647 nec
744 2586 859 2648 eadem
894 2585 1015 2648 virtute
1037 2605 1099 2667 qua
1116 2582 1160 2642 im-

220 2692 358 2754 mittitur
382 2713 441 2754 nec
465 2692 589 2773 majori.
1263 2675 1264 2680 ἵ

291 2795 428 2866 Contra
453 2797 567 2865 istam
590 2795 810 2882 opz'm'omm
832 2819 937 2880 arguo
954 2799 1069 2880 primo
1083 2792 1157 2859 simul

220 2914 333 2968 contra
356 2905 607 2979 conclusionem,
630 2906 767 2968 secundo
790 2905 823 2966 in
850 2904 979 2986 speciali
1003 2914 1109 2967 contra
1124 2920 1157 2962 ra·

219 3013 333 3074 tiones.

288 3120 346 3180 Ex
362 3118 477 3200 prima
500 3118 557 3180 via
581 3118 728 3200 arguitur
748 3118 855 3198 primo
879 3138 937 3198 per
952 3116 1155 3199 Augustinum

220 3225 259 3286 de
273 3225 345 3307 fide
367 3226 415 3287 ad
434 3224 570 3287 Petrum
594 3224 650 3286 ubi
666 3224 711 3286 sic
733 3224 858 3306 arguit:
875 3223 901 3285 si
927 3223 1077 3305 possibile
1094 3225 1155 3282 esset

221 3339 258 3392 ut
281 3329 425 3392 humana
448 3340 564 3392 natura
587 3330 676 3412 prius
699 3351 799 3412 quam
823 3351 843 3392 a
877 3332 952 3392 Deo
982 3351 1092 3392 aversa
1114 3314 1153 3388 be

221 3437 356 3499 nitatem
381 3437 520 3518 perdidit
542 3437 718 3499 voluntatis
741 3458 785 3500 ex
808 3437 912 3519 seipsa
935 3457 1064 3499 rursum
1089 3432 1154 3497 reha-

221 3543 297 3605 bere
319 3563 391 3604 eam
416 3544 581 3624 potuisset,
608 3544 712 3605 multo
743 3544 923 3625 possibilius
955 3543 1086 3606 haberet
1110 3540 1153 3602 huc

222 3656 337 3710 natura
360 3649 514 3728 angelica,
539 3671 614 3730 quae
638 3660 762 3731 quanto
792 3651 898 3713 minus
928 3660 1081 3732 gravatur
1106 3666 1152 3710 cor·
