2634 4267
295 308 361 371 324
537 292 613 356 Ltn.
636 294 668 357 11
692 292 987 357 Saarnnrrnnonr

337 498 445 561 Aliter
467 507 575 581 potest
597 498 661 561 dici
685 520 742 581 per
765 499 852 562 viam
877 499 1035 563 Richardi
1057 502 1143 582 quod
1163 502 1219 563 du-

270 605 348 687 plex
371 614 420 669 est
449 605 650 688 ignorantia:
670 606 785 689 prima
808 615 857 668 est
891 606 1075 689 ignorantia
1096 607 1219 670 invinci-

270 711 342 775 bilis
365 712 561 795 simpliciter,
577 722 610 777 et
634 712 706 776 haec
729 712 871 776 totaliter
894 724 1033 777 excusat
1055 736 1075 777 a
1096 722 1220 796 peccato

270 839 330 901 pro
353 840 393 881 eo
415 820 506 902 quod
529 820 602 883 talis
625 820 808 903 ignorantia
830 820 916 883 tollit
931 821 1092 883 rationem
1115 822 1218 884 volun-

270 925 351 997 tarii,
375 934 408 988 et
431 935 602 1007 peccatum
627 947 692 989 non
710 935 758 988 est
782 935 954 1007 peccatum
971 928 1031 989 nisi
1054 927 1095 990 sit
1115 928 1219 989 volun-

269 1032 400 1095 tarium.
418 1032 568 1096 Secunda
591 1033 709 1095 dicitur
725 1033 908 1115 ignorantia
924 1033 1085 1108 affectata,
1102 1043 1137 1097 ut
1151 1055 1217 1096 cum

270 1139 385 1221 aliquis
408 1160 467 1201 sua
489 1140 658 1202 voluntate
693 1140 763 1201 vult
785 1140 950 1221 ignorare,
967 1150 1100 1221 propter
1129 1141 1218 1202 mino

270 1266 338 1308 rem
355 1267 537 1309 remorsum
561 1246 779 1320 conscientiae,
797 1255 830 1308 et
846 1245 910 1308 hoc
933 1268 1000 1309 non
1017 1257 1150 1339 excusat
1169 1248 1221 1307 im·

264 1373 327 1415 mo
350 1363 519 1435 aggravat.
543 1354 652 1416 Tertia
675 1362 724 1415 est
740 1353 924 1435 ignorantia
939 1374 1046 1415 crassa
1064 1374 1142 1436 ‘quae
1157 1375 1220 1435 par-

272 1458 332 1522 tim
355 1468 404 1522 est
426 1460 609 1523 voluntaria
633 1468 666 1523 et
689 1460 808 1541 partim
833 1460 1061 1535 involuntaria,
1097 1470 1132 1523 ut
1153 1481 1218 1523 curn

269 1566 385 1648 aliquis
408 1575 540 1648 propter
575 1566 808 1649 negligentiam
834 1586 899 1628 non
931 1567 1003 1630 vult
1026 1568 1218 1630 laborarent

270 1673 349 1737 sciat
372 1673 462 1754 quod
485 1682 613 1737 tenetur
636 1674 725 1747 scire,
751 1672 901 1755 quamvis
924 1672 1004 1735 illud
1029 1674 1108 1737 scire
1137 1674 1219 1735 vellet

271 1779 339 1841 sine
355 1779 465 1842 labore
475 1801 483 1858 ;
508 1779 570 1843 hoc
587 1779 755 1861 aequaliter
778 1779 941 1842 alleviata
964 1790 1103 1862 peccato
1118 1801 1220 1863 quarn·

270 1885 319 1949 vis
342 1908 407 1949 non
431 1888 572 1950 totaliter
596 1888 698 1949 tollat.

338 2103 399 2164 Ao
423 2114 566 2163 Parnon
579 2115 626 2164 ar
638 2113 837 2163 SECUNDUM
856 2111 947 2183 patet
971 2123 1029 2183 per
1046 2103 1124 2165 illud
1143 2100 1218 2183 quod

271 2210 395 2272 dictum
418 2217 468 2271 est
490 2208 523 2269 in
546 2207 690 2270 secunda
714 2207 866 2289 opinione
890 2226 919 2273 2.
945 2207 1023 2271 Art.
1098 2192 1102 2200 ¹

338 2316 397 2377 Ad
418 2314 549 2377 tertium
573 2314 647 2376 dico
684 2315 774 2395 quod
798 2315 904 2377 omnis
936 2316 1043 2377 maius
1067 2325 1116 2378 est
1144 2315 1220 2397 igno-

271 2444 345 2485 rans
369 2420 552 2503 ignorantia
576 2421 781 2501 praecedente
804 2430 861 2483 aut
879 2422 1100 2503 subsequente
1123 2441 1217 2504 pecca·

271 2538 354 2603 tum,
370 2537 402 2591 et
418 2528 480 2589 isto
505 2528 606 2589 modo
622 2526 738 2590 Adam
761 2527 822 2590 fuit
838 2528 943 2590 malus
959 2528 1144 2609 ignorantia
1158 2527 1221 2590 sub·

272 2643 436 2715 sequente.

704 2968 805 3324 i
