2634 4267
266 258 330 335 380
493 254 567 318 Lm.
591 257 622 318 11
646 255 941 349 Sausuunmnuu

240 470 367 543 potest;
393 462 480 525 unde
514 482 590 524 caro
624 460 806 523 secundum
841 459 983 523 formam
1006 462 1053 523 vel
1077 460 1189 541 species

239 566 357 630 dicitur
381 568 472 650 quod
498 586 564 630 non
588 577 696 650 potest
719 568 751 630 in
775 588 859 649 opus
882 568 997 642 carnis,
1021 578 1052 630 et
1065 567 1122 630 hoc
1137 586 1190 648 pa·

238 684 287 739 tet
308 696 350 737 cx
374 694 403 759 7.
430 673 579 757 Metaplz.
604 685 673 756 cap.
695 692 748 754 5.;
773 674 942 737 dubitatur
965 684 1069 737 autem
1084 674 1189 737 merito

238 782 333 864 cujus
355 780 473 863 speciei
495 791 575 844 sunt
598 791 715 864 partes.

304 995 412 1061 Alia
435 999 504 1060 eol
525 994 678 1079 opinio
701 992 886 1059 Aureoli
913 1016 988 1077 quae
1012 993 1084 1055 dicit
1107 992 1187 1075 quod

238 1102 431 1167 alimentum
463 1102 660 1165 convertitur
694 1102 727 1163 in
762 1102 931 1165 veritatem
964 1100 1108 1163 humanae
1137 1119 1188 1160 na-

240 1218 323 1272 turae
347 1230 405 1291 per
428 1227 538 1271 veram
555 1208 827 1271 commixtionem
840 1208 985 1270 alimenti
1004 1228 1076 1270 cum
1094 1205 1186 1268 forma

238 1314 345 1398 priori.
359 1352 404 1363 -
416 1316 482 1379 Ubi
498 1316 681 1377 notandum
694 1314 784 1398 quod
797 1316 978 1376 secundnm
995 1334 1068 1377 eum
1084 1312 1185 1375 mixtio

236 1432 286 1485 est
309 1422 443 1504 duplex,
468 1423 623 1504 quaedam
647 1422 680 1483 in
704 1442 770 1503 qua
793 1442 859 1483 non
894 1422 1035 1483 donatur
1064 1420 1184 1482 alterum

238 1529 443 1591 miscibilium
467 1529 523 1591 sed
547 1538 710 1609 utrunque
733 1526 914 1590 secundum
937 1527 1018 1610 quid
1040 1524 1186 1607 corrunpi-

237 1644 307 1714 tur;
331 1636 486 1717 quaedam
512 1643 622 1697 autem
658 1634 690 1696 in
725 1655 790 1716 qua
826 1636 965 1696 alterum
999 1632 1184 1695 miscibilium

236 1742 337 1805 vincit
360 1742 443 1804 sicut
465 1763 554 1823 aqua
577 1742 609 1804 in
634 1763 735 1824 parva
758 1741 940 1824 quantitate
951 1741 1098 1823 apposita
1111 1739 1183 1801 vino.

238 1848 283 1911 Et
306 1849 351 1911 sic
366 1858 414 1910 est
438 1850 470 1910 in
494 1849 672 1929 proposito
699 1848 775 1930 quia
797 1848 991 1910 alimentum
1023 1847 1185 1910 vincitura

237 1965 353 2017 natura
376 1956 442 2019 aliti
465 1966 498 2017 et
521 1964 654 2038 propter
667 1955 730 2017 hoc
741 1955 992 2017 convertitur'in
1016 1955 1127 2036 ipsum.
1149 1952 1185 2013 Et

236 2046 326 2142 quod
350 2062 394 2123 sic
419 2064 535 2125 debeat
561 2062 649 2144 poni,
675 2058 831 2144 probatur
855 2077 898 2123 ex
921 2083 961 2123 eo
985 2062 1075 2143 quod
1094 2082 1144 2142 per
1168 2058 1185 2119 i·

236 2177 324 2230 stum
350 2170 486 2234 modum
511 2169 676 2231 salvantur
700 2190 737 2230 ea
761 2189 836 2250 quae
860 2168 1013 2230 dicuntur
1037 2168 1077 2230 de
1103 2164 1185 2229 nutri·

238 2284 359 2343 mento,
383 2284 563 2359 augmento
586 2284 618 2337 et
643 2275 811 2346 mixtione,
837 2283 918 2356 puta
941 2275 1032 2356 quod
1048 2272 1185 2355 qnaelibet

236 2403 311 2463 pars
327 2382 412 2443 aucti
436 2381 473 2447 fit
496 2391 600 2455 aucta,
636 2391 669 2444 et
699 2381 789 2463 quod
812 2381 1040 2463 augmentatio
1064 2390 1124 2443 stat
1149 2400 1185 2441 se-

237 2489 383 2554 cundum
407 2498 514 2570 partes
537 2487 689 2550 formales
701 2507 776 2570 quae
790 2496 924 2549 manent
937 2507 1003 2550 non
1020 2488 1184 2550 seeundum

236 2604 343 2676 partes
367 2596 548 2657 materiales
570 2616 646 2676 quae
678 2594 793 2656 fluunt.
829 2594 905 2676 Ego
939 2602 1052 2655 autem
1088 2593 1200 2656 melius'

235 2701 422 2782 opinionem
448 2702 535 2765 Scoti
559 2702 653 2783 capio
684 2711 717 2764 et
746 2700 788 2762 ad
823 2709 1018 2782 argumenta
1049 2699 1184 2762 secunde

236 2808 397 2889 opinionis
420 2809 614 2889 respondeo,

303 2915 361 2976 Ad
375 2916 525 2995 primum
550 2915 623 2976 dico
646 2914 737 2996 quod
761 2934 827 2977 non
850 2922 899 2975 est
912 2912 1016 2975 simile
1032 2914 1074 2975 de
1093 2913 1183 2975 anima

236 3020 438 3095 intellectiva,
463 3042 540 3085 cum
563 3021 603 3083 sit
627 3020 869 3094 inextensibilis‚
883 3008 927 3082 ¹et
937 3021 980 3082 de
997 3020 1067 3083 aliis
1090 3019 1182 3082 formis

139 3175 143 3184 .
234 3149 312 3209 quae
335 3128 567 3192 extenduntur.

240 3317 244 3326 .
302 3234 360 3296 Ad
379 3234 554 3297 secundum
578 3236 618 3296 de
653 3234 799 3316 partibus
835 3233 1054 3297 materialibus
1085 3243 1116 3296 et
1134 3232 1181 3295 lor·

235 3341 375 3403 malibus
398 3350 497 3422 patet,
521 3342 598 3423 quia
620 3341 777 3423 supponit
799 3338 926 3415 falsum,
955 3340 1075 3403 scilicet
1108 3338 1179 3421 quod
1276 3342 1277 3345 ’

235 3467 309 3528 pars
334 3446 476 3509 formalis
499 3468 565 3510 non
589 3446 669 3509 fluit.

300 3553 359 3615 Ad
379 3554 511 3615 tertium
535 3554 608 3616 dieo
640 3554 731 3635 quod
755 3554 787 3616 in
823 3553 1001 3615 nutritione
1024 3562 1073 3616 est
1096 3552 1178 3635 quod·

235 3658 392 3719 ammodo
413 3658 630 3739 juxtapositio
653 3680 673 3719 a
696 3659 893 3739 quibusdam
930 3659 1077 3741 partibus
1107 3658 1178 3721 mini·
