2634 4267
231 259 292 336 136
515 259 588 322 Lm,
614 261 643 322 11
668 259 961 325 Sannnnnnnon

202 473 251 526 est
274 461 408 537 infinita,
443 465 517 527 ideo
551 486 618 527 non
649 473 757 548 potest
793 467 825 528 in
853 487 887 530 se
911 467 1033 530 habere
1064 477 1177 530 totum

202 590 276 644 ens;
300 591 380 652 ergo
402 593 446 634 ex
473 571 668 654 perfectione
693 573 874 636 intellectus
898 573 999 636 habet
1022 575 1173 638 activita-

204 685 281 749 tem,
318 678 375 740 sed
398 687 508 741 tamen
540 699 606 741 non
638 679 877 753 omnimodam,
911 680 985 742 ideo
1009 683 1179 744 concurrit

203 783 389 864 objectum3
413 805 479 847 non
510 785 555 847 sic
578 793 689 848 autem
714 795 763 848 est
786 786 828 848 de
843 786 912 848 aliis
935 785 1059 860 formis,
1095 789 1178 869 quia

203 910 315 952 earum
339 892 543 973 operationes
573 901 649 954 sunt
681 892 836 964 limitatae,
866 902 965 955 etex
988 891 1109 956 eorum
1144 915 1178 956 o

204 997 335 1077 peribus
358 1017 424 1059 non
460 1007 567 1080 potest
589 999 682 1080 argui
707 997 856 1061 infinitas.

269 1104 328 1165 Ad
358 1115 512 1186 quartum
535 1106 639 1168 etad
669 1106 832 1187 quintam,
872 1105 945 1168 dico
969 1107 1062 1187 quod
1087 1107 1176 1170 bene

203 1210 403 1273 concludunt
427 1211 624 1274 intellectum
660 1212 778 1275 habere
801 1212 944 1294 aliquam
969 1213 1174 1307 activitatem

203 1326 350 1397 respectu
374 1317 606 1392 intellectionis,
631 1319 721 1400 quod
745 1319 899 1381 concedo

270 1421 335 1491 Ad
353 1427 580 1507 argumenta
596 1425 749 1488 secundae
766 1424 935 1506 opinionis.
952 1426 1012 1488 Aa
1019 1427 1174 1507 primum

203 1551 289 1613 nego
311 1532 477 1614 majorem.
501 1531 559 1594 Ad
578 1532 809 1613 probationem,
834 1552 910 1594 cum
938 1532 1056 1594 dicitur
1081 1534 1172 1596 idem

202 1647 285 1701 esset
308 1639 340 1700 in
364 1648 438 1700 actu
462 1638 546 1701 etin
570 1639 725 1719 potentia,
750 1638 823 1700 dico
847 1639 937 1719 quod
953 1639 1077 1720 aliquid
1099 1660 1174 1702 esse

203 1746 235 1807 in
260 1726 343 1808 actu·
370 1755 477 1826 potest
501 1745 634 1828 intelligi
669 1744 848 1836 dupliciter,
882 1745 932 1808 vel
956 1747 1047 1827 quod
1071 1747 1113 1808 sit
1139 1748 1171 1808 in

203 1861 277 1914 actu
302 1852 491 1914 virtualiter
513 1853 586 1925 tale,
604 1852 654 1914 vel
671 1852 761 1933 quod
784 1851 825 1913 sit
841 1851 873 1914 in
889 1861 964 1913 actu
974 1853 1174 1933 formaliter

202 1959 275 2020 tale.
301 1959 345 2020 Et
367 1959 483 2020 eodem
501 1959 601 2020 modo
625 1967 733 2039 potest
748 1957 811 2020 dici
834 1959 875 2021 de
899 1959 1053 2040 potentia,
1080 1961 1172 2022 unde

202 2073 294 2127 actus
316 2074 349 2127 et
364 2065 509 2146 potentia
532 2063 734 2126 uniformiter
749 2072 883 2145 accepta
906 2084 972 2126 non
988 2073 1064 2126 sunt
1080 2085 1191 2128 coms

203 2172 365 2254 possibilia
381 2172 413 2232 in
429 2172 556 2243 eodem,
580 2172 637 2233 sed
653 2171 743 2252 quod
759 2171 881 2252 aliquid
897 2171 938 2234 sit
953 2171 986 2232 in
1010 2181 1085 2232 actu
1103 2172 1171 2232 vir-

202 2279 329 2340 tualiter
352 2279 416 2340 tale
435 2288 467 2341 et
483 2279 514 2339 in
539 2277 685 2359 potentia
708 2275 884 2340 formaliter
908 2277 981 2351 tale,
1004 2277 1067 2339 hoc
1083 2277 1170 2340 bene

202 2395 251 2448 est
266 2385 425 2466 possibile.
443 2385 549 2448 Aliter
565 2394 673 2465 potest
689 2384 751 2446 dici
767 2384 809 2446 ad
823 2385 978 2467 majorem
995 2405 1052 2466 per
1069 2384 1170 2447 Com-

203 2501 418 2555 mentatorem
438 2510 471 2571 3.
496 2492 569 2554 cali
589 2500 621 2554 ct
643 2491 770 2563 maadi,
806 2491 896 2572 quod
931 2491 1082 2572 quamvis
1104 2491 1184 2559 ista.

202 2600 309 2682 masor
323 2598 441 2660 habeat
464 2598 726 2680 probabilitatem
743 2597 774 2658 in
792 2597 1025 2678 corporalibus,
1049 2606 1097 2659 est
1122 2607 1170 2659 ta-

203 2726 277 2767 men
294 2705 373 2767 lalsa
388 2705 420 2767 in
436 2705 664 2786 spiritualibus.
683 2703 790 2766 Aliter
807 2711 915 2785 potest
930 2703 994 2765 dici
1010 2704 1100 2784 quod
1117 2714 1170 2768 est

203 2833 278 2874 vera
308 2812 340 2873 in
364 2813 468 2874 causis
491 2811 646 2890 univocis,
677 2820 726 2873 est
752 2819 863 2872 autem
891 2808 970 2871 falsa
1003 2809 1036 2873 in
1060 2811 1169 2873 causis

202 2918 387 2999 aequivocis
413 2919 457 2980 Et
484 2919 555 2980 haec
579 2917 696 2979 solutio
721 2917 803 2978 redit
826 2917 858 2978 in
887 2915 973 2977 idem
999 2937 1078 2978 cum
1102 2918 1169 2998 pri·

202 3046 266 3087 mo.
292 3026 337 3087 Et
360 3026 420 3089 ista
442 3034 491 3086 est
514 3024 650 3087 intentio
682 3022 870 3105 Philosophi
894 3021 927 3084 8.
952 3021 1055 3103 Phys.
1080 3044 1105 3084 a.
1132 3022 1167 3086 8.

201 3153 330 3204 iterasse,
359 3132 413 3194 ubi
437 3131 626 3212 dicitquod
651 3151 786 3192 movens
808 3149 938 3192 necesse
969 3138 1018 3192 est
1043 3129 1168 3194 habere

201 3239 387 3312 univocum,
412 3248 444 3300 et
468 3238 530 3301 hoc
553 3238 631 3299 dicit
654 3237 773 3298 ibidem
805 3235 951 3297 Thomas
974 3235 1007 3297 in
1032 3238 1168 3318 exposi-

201 3347 305 3422 tione;
330 3346 404 3407 vide
428 3345 558 3407 ibidem.

265 3452 324 3514 Ad
342 3451 517 3514 sectandum
533 3452 607 3513 dico
622 3450 713 3531 quod
738 3447 871 3510 materia
886 3468 928 3510 ex
943 3469 1008 3529 qaa
1033 3470 1101 3512 non
1113 3471 1170 3514 co

199 3559 310 3621 incidit
333 3559 365 3620 in
396 3559 482 3620 idem
514 3578 590 3620 cnm
625 3557 792 3628 efficiente,
824 3554 880 3616 sed
917 3555 1053 3618 materia
1076 3557 1170 3621 circa

198 3686 297 3745 quara
322 3673 430 3746 potest
452 3664 641 3726 coincidere.
