2634 4267
269 255 332 321 352
538 241 613 304 Lrs.
637 241 668 303 11
693 239 990 305 Sensum-innon
1060 202 1062 210 ,

240 450 300 513 tiat
323 458 356 513 et
381 448 505 531 quietat
528 447 683 523 beatum;
708 447 763 509 sed
787 446 859 509 haec
883 444 1046 527 quietatio
1070 448 1199 504 nonest

244 556 302 620 nisi
327 576 384 639 per
399 554 664 637 conjunctionem
677 555 719 616 ad
735 553 900 633 objectum
914 550 1116 621 beatificum,
1132 567 1199 609 con-

241 663 368 745 junctio
394 671 506 725 autem
530 682 596 723 non
631 669 681 723 est
697 660 755 723 nisi
779 669 944 743 peractus
967 656 1204 740 potentiarum

243 790 332 853 ergo
357 805 402 817 -
441 766 664 851 Confirmatur
686 787 743 849 per
777 765 1016 848 Philosophum
1041 783 1075 847 4.
1102 759 1205 825 Etltic.

243 877 300 959 qui
324 874 417 958 ponit
440 874 531 958 quod
553 874 723 937 beatitudo
756 883 806 936 est
829 874 861 936 in
884 883 960 935 actu
983 882 1017 936 et
1047 866 1205 953 potentia;
1282 863 1283 955 l

243 992 322 1046 tunc
338 981 590 1063 circumscriptis
606 980 814 1063 potentiis‘in
830 981 949 1062 quibus
972 990 1020 1042 est
1041 974 1209 1041 beatitudo
1282 968 1283 971 ’

245 1110 302 1173 per
326 1088 577 1151 redundantiam
601 1096 711 1170 posset
741 1088 850 1150 anima
874 1108 930 1169 per
954 1107 988 1149 se
1010 1106 1082 1151 esse
1106 1083 1208 1151 beata,

244 1206 278 1259 et
301 1196 345 1259 ita
368 1196 436 1257 sine
458 1202 545 1269 actu,
580 1195 671 1277 quod
694 1203 743 1258 est
766 1204 879 1257 contra
913 1192 1153 1275 Philosophum
1174 1206 1204 1269 4.
1283 1204 1284 1217 ²

246 1302 357 1367 Ethic.

321 1516 546 1603 Quantum
570 1517 635 1583 acl
654 1516 833 1582 tertium
858 1516 1109 1583 Articulum
1134 1512 1207 1574 dico

247 1627 338 1707 quod
361 1633 555 1706 argumenta
578 1624 694 1706 primae
718 1623 878 1705 opinionis
902 1644 967 1686 non
1000 1621 1204 1685 concludunt.

314 1732 373 1794 Ad
387 1712 536 1811 primum
560 1731 633 1793 dico
657 1731 748 1811 quod
771 1731 837 1792 vita
853 1730 1027 1813 spiritualis
1049 1728 1204 1811 principa⁴

248 1839 308 1900 lius
332 1837 471 1920 pertinet
494 1838 536 1899 ad
559 1837 678 1899 animae
703 1838 883 1919 potentiam
915 1858 1016 1919 quam
1040 1838 1080 1899 ad
1100 1852 1199 1898 essen·

245 1946 335 2010 tiam.
1286 1966 1287 1969 ¹

313 2052 371 2113 Ad
398 2052 574 2113 secundum
599 2071 685 2132 nego
720 2052 885 2133 majorem,
910 2051 987 2131 quia
1020 2051 1123 2113 anima
1145 2068 1200 2129 po

247 2168 310 2221 test
345 2179 402 2240 per
425 2179 459 2219 se
482 2158 627 2239 accipere
650 2157 863 2240 perfectiones
898 2159 1059 2220 naturales
1087 2157 1159 2218 alias
1179 2174 1199 2213 a

246 2287 289 2339 se,
314 2286 380 2327 non
403 2274 514 2327 autem
538 2274 646 2345 potest
681 2285 738 2345 per
762 2285 795 2327 se
818 2264 964 2345 accipere
998 2263 1200 2345 perfectiones
1287 2286 1288 2303 1

248 2371 508 2453 supernaturales
531 2371 614 2433 sicut
637 2380 728 2452 patet
751 2364 808 2453 per
843 2371 1069 2453 Augustinum
1093 2389 1119 2433 Ι.
1143 2371 1197 2432 Rc·

252 2488 344 2541 tracl.
369 2479 495 2543 dicens:
521 2478 599 2539 illud
623 2479 814 2540 inconcusse
825 2487 975 2541 tenemus
998 2480 1129 2541 liberum
1151 2497 1196 2537 ar-

248 2585 381 2648 bitrium
406 2606 471 2647 non
496 2586 641 2647 sufficere
664 2586 706 2647 ad
727 2586 885 2666 justitiam
909 2595 942 2648 et
969 2587 1104 2648 salutem
1126 2582 1200 2645 obti-

249 2692 400 2773 nendam,
425 2701 462 2754 ut
486 2691 615 2754 haeresis
638 2692 737 2756 tradit
760 2693 942 2774 Pelagiana.

316 2800 374 2861 Ad
396 2798 528 2861 tertium
553 2799 626 2861 dico
649 2800 739 2880 quod
764 2801 872 2882 masor
892 2809 941 2863 est
963 2821 1040 2862 vera
1063 2799 1094 2862 in
1113 2797 1201 2861 rebus

250 2906 457 2968 essentialiter
487 2916 520 2968 et
543 2906 782 2988 suppositaliter
817 2907 984 2979 distinctis
1019 2907 1109 2987 quod
1141 2924 1198 2966 non

249 3012 407 3093 competit
429 3012 548 3075 animae
574 3023 609 3076 ut
632 3014 738 3094 patuit
761 3035 859 3095 supra
882 3015 969 3077 Dist.
995 3012 1047 3078 16.

316 3120 375 3181 Ad
394 3130 547 3201 quartum
572 3120 645 3182 dico
669 3122 758 3201 quod
783 3122 886 3202 gratia
917 3122 1148 3184 determinatur
1164 3119 1201 3208 ad

253 3226 473 3307 operationem
499 3227 675 3306 gratuitam
700 3237 846 3309 respectu
871 3228 964 3309 cujus
988 3229 1133 3310 potentia
1159 3236 1202 3288 est

249 3334 497 3395 indeterminata
510 3334 811 3396 indeterminatione
820 3335 972 3417 proxima
981 3334 1201 3417 propterquod

251 3440 355 3522 gratia
378 3439 509 3525 ponitur
532 3439 564 3501 in
588 3441 743 3521 potentia.
794 3478 796 3483 ·

222 3604 226 3611 .
316 3545 375 3608 Ad
394 3546 548 3608 ultimum
573 3547 646 3609 dico
670 3549 761 3628 quod
791 3548 937 3628 potentia
970 3549 1069 3611 etiam
1100 3558 1148 3611 est
1175 3548 1201 3608 in

250 3660 325 3713 actu
350 3671 409 3711 suo
433 3652 540 3731 primo
563 3673 700 3734 semper,
725 3654 807 3717 sicut
830 3664 863 3717 et
886 3656 990 3737 gratia
1013 3657 1046 3719 in
1079 3655 1203 3739 gratitu-

250 3755 336 3823 dine,
361 3756 511 3833 quamvis
534 3776 600 3818 non
623 3757 655 3819 in
680 3766 754 3823 actu
778 3762 933 3825 secundo.
