2634 4267
240 284 299 346 190
485 264 559 328 Lna.
584 264 614 326 ΙΙ
639 263 933 328 Snnrannnnon

210 472 356 535 tellectus
371 470 565 551 angelorum
588 478 665 532 ante
680 469 823 552 primum
841 479 1011 551 peccatum
1027 469 1080 531 fuit
1097 477 1147 529 rec'-

211 588 264 641 tus
287 578 318 639 in
342 575 628 659 apprehendendo
658 596 724 638 non
759 577 846 638 enim
875 590 978 658 'poena
1009 575 1149 658 praecessit

211 684 358 766 culpam3
382 704 462 766 ergo
486 693 596 745 movet
611 683 815 746 voluntatem
831 684 873 746 ad
890 675 976 746 recte
996 683 1150 746 volendum

212 812 289 852 cum
314 799 445 852 moveat
469 810 526 871 per
550 790 687 852 modum
712 799 848 852 naturae.
874 789 978 852 Aliud
994 789 1102 852 falsum
1115 809 1150 849 as·

211 897 359 971 sumitur,
393 897 483 978 quod
514 897 694 958 intellectus
717 896 823 978 angeli
855 897 1038 959 nullatenus
1060 894 1153 957 intelli:

213 1013 270 1086 gat
303 1024 379 1065 cum
419 1004 574 1076 discursu,
610 1004 701 1085 quod
735 1011 783 1066 est
821 1003 1043 1084 improbatum
1072 1021 1153 1083 supra

212 1120 323 1192 purast.
347 1110 405 1171 ult.
431 1128 460 1170 1.
485 1110 561 1171 dist.
587 1109 686 1172 Unde
710 1119 787 1171 nota
810 1110 901 1190 quod
933 1110 1090 1171 discursus
1116 1115 1155 1170 est

213 1216 347 1297 duplex,
372 1236 457 1278 unus
480 1216 536 1297 qui
560 1225 608 1278 est
632 1215 695 1278 hoc
719 1215 879 1296 posthoc
903 1216 1016 1278 ordine
1032 1216 1156 1278 duratio·

214 1323 272 1396 nis,
296 1332 329 1383 et
352 1322 403 1383 ille
427 1320 510 1383 forte
542 1342 607 1384 non
643 1323 800 1403 competit
830 1323 958 1404 angelo.
991 1323 1084 1385 Alius
1111 1320 1155 1402 qui

212 1439 261 1492 est
285 1428 348 1490 hoc
372 1449 414 1490 ex
439 1427 502 1490 hoc
527 1429 639 1490 ordine
663 1430 808 1509 quodam
833 1438 969 1502 naturae,
994 1439 1027 1491 et
1049 1429 1102 1491 iste
1122 1427 1157 1490 di-

214 1555 341 1597 scursus
365 1535 522 1614 competit
545 1536 672 1617 angelo.
1153 1542 1155 1548 ’

286 1639 405 1704 Contra
428 1642 604 1704 secundam
628 1641 809 1722 opinionem
833 1643 980 1724 arguitur
992 1643 1095 1723 primo
1109 1642 1158 1703 sic:

215 1749 246 1809 in
270 1749 363 1828 cujus
387 1757 548 1828 potestate
570 1759 619 1810 est
641 1769 747 1829 agere,
780 1749 812 1810 in
843 1749 913 1829 ejus
945 1758 1100 1830 potestate
1120 1756 1159 1808 est

213 1856 337 1916 intense
360 1856 409 1916 vel
435 1855 565 1917 remisse
588 1876 693 1936 agere,
719 1856 800 1917 sicut
832 1876 888 1936 per
919 1837 1113 1937 oppositum,
1133 1855 1159 1914 in

213 1961 306 2042 cujus
329 1969 490 2042 potestate
514 1982 578 2023 non
595 1971 643 2023 est
666 1983 772 2043 agere,
791 1962 822 2023 in
846 1962 915 2042 ejus
928 1971 1088 2043 potestate
1105 1980 1160 2023 non

212 2078 260 2129 est
284 2068 408 2129 intense
431 2069 482 2129 vel
507 2068 637 2129 remisse
661 2088 774 2148 agere,
799 2069 856 2130 sed
879 2068 911 2129 in
929 2078 1087 2149 potestate
1113 2088 1161 2129 vo-

215 2175 346 2236 luntatis
369 2184 418 2235 est
442 2183 478 2236 ut
501 2174 715 2254 immergatur
747 2175 898 2254 object03
932 2196 1012 2256 ergo
1044 2177 1074 2237 in
1103 2174 1163 2254 ejus

214 2290 375 2362 potestate
398 2289 447 2341 est
470 2281 514 2342 sic
538 2281 588 2342 vel
613 2281 657 2342 sic
691 2301 724 2341 se
755 2281 949 2362 immergere
980 2282 1115 2363 objecto,
1137 2287 1164 2340 et

215 2387 259 2449 sic
284 2387 402 2468 poterit
426 2387 543 2449 resilire
566 2387 608 2448 ab
632 2387 772 2467 objecto.
796 2424 840 2435 -
867 2387 1031 2462 Praetereo
1061 2387 1165 2451 eadem

215 2494 334 2555 virtute
358 2493 481 2574 aliquid
505 2493 638 2575 quiescit
663 2493 694 2555 in
719 2494 859 2556 termino
889 2504 921 2556 et
953 2505 1101 2558 movetur
1128 2491 1166 2555 ad

216 2600 413 2673 terminum;
439 2601 495 2661 sed
518 2600 669 2661 voluntas
693 2601 790 2662 libere
805 2611 969 2663 movetur
999 2603 1042 2664 ad
1059 2597 1168 2679 'objec-

216 2715 306 2782 tum;
331 2726 410 2787 ergo
435 2706 532 2767 libere
555 2707 691 2788 quiescit
714 2707 746 2767 in
770 2707 909 2787 objecto.

290 2917 515 3002 Quantum
551 2921 615 2983 cod
647 2923 889 2984 seeundum
925 2919 1169 2986 Articulum

216 3024 290 3086 dico
313 3025 403 3106 quod
428 3025 461 3085 in
486 3033 559 3086 actu
579 3026 698 3105 ¹potest
727 3027 851 3088 attendi
882 3027 1000 3109 triplex
1032 3028 1169 3090 bonitas:

209 3131 325 3212 primo
349 3131 467 3192 dicitur
491 3131 620 3193 bonitas
643 3154 686 3193 ex
710 3154 827 3213 genere
850 3134 933 3215 sicut
956 3134 1070 3196 nolitio
1093 3143 1170 3196 tran·

215 3237 299 3298 siens
322 3257 419 3317 super
444 3237 610 3318 objectum
635 3239 831 3301 conveniens
861 3241 917 3301 tali
940 3241 1028 3301 actui
1067 3261 1170 3303 secun-

215 3343 296 3404 dum
321 3343 484 3405 dictamen
508 3345 640 3406 rationis
664 3354 769 3406 rectae.
796 3345 946 3408 Soczmda
975 3347 1093 3409 dicitur
1122 3347 1173 3408 bo-

218 3449 300 3514 nitas
324 3451 463 3524 moralis
488 3460 520 3512 et
544 3450 596 3512 illa
619 3451 777 3532 competit
788 3453 874 3514 actui
898 3474 974 3514 cum
997 3455 1112 3516 transit
1128 3472 1171 3515 su-

217 3576 274 3636 per
298 3557 463 3637 objectum
488 3559 683 3619 conveniens
699 3559 879 3620 secundum
896 3561 1061 3622 dictamen
1083 3569 1172 3624 rectae

218 3662 349 3723 rationis
373 3684 448 3723 cum
474 3663 626 3724 omnibus
642 3664 889 3727 circumstantiis
910 3667 1081 3747 requisitis,
1098 3669 1173 3730 inter
