2634 4267
244 253 432 318 Drsrrncr.
457 253 606 315 XXXIV
630 252 776 333 Quasi.
802 254 924 317 Urucn
1016 267 1076 333 395

138 469 223 521 esset
245 460 279 520 in
310 458 379 539 ejus
408 458 574 540 'potestate
604 468 712 534 actus;
748 468 817 521 tum
852 460 929 541 quia
952 459 1105 536 voluntas

138 566 218 628 nihil
243 565 469 647 contingenter
493 575 638 627 causaret
662 586 705 627 ex
728 567 873 647 eoquod
894 566 1028 628 haberet
1052 586 1103 628 ne·

138 672 312 736 cessariam
337 672 560 734 habitudinem
584 672 626 733 ad
650 673 790 753 primam
807 694 938 764 causam
956 681 1102 755 respectu

138 780 291 853 effectus;
327 788 395 840 tum
430 778 507 861 quia
537 778 688 841 voluntas
722 799 787 841 non
823 788 932 861 posset
970 801 1104 862 peccare

139 886 218 969 quia
242 906 319 947 cum
355 886 445 947 Deus
481 886 521 948 sit
555 885 641 968 prior
669 907 766 948 causa
801 887 833 948 in
868 888 975 968 primo
1010 888 1104 970 signo

139 1002 278 1065 naturae,
305 1001 415 1077 causat
430 1001 463 1054 et
487 993 712 1055 rectitudinem
749 994 780 1054 in
816 1003 909 1069 actu3
935 1004 1003 1055 tum
1027 995 1104 1075 quia

140 1099 353 1181 Augustinus
376 1099 453 1160 dicit
484 1100 515 1160 in
551 1098 604 1161 lib.
630 1100 669 1161 de
697 1097 766 1163 civ.
792 1101 859 1162 Dei
891 1102 981 1181 quod
1014 1103 1105 1163 Deus

141 1207 186 1269 sic
210 1227 262 1267 res
284 1226 365 1286 quas
388 1206 532 1267 condidit
556 1206 762 1267 administrat
783 1216 821 1269 ut
845 1228 1007 1288 casagere
1031 1229 1105 1289 pro·

141 1314 231 1396 prios
267 1320 375 1373 motus
390 1337 393 1343 ¹
410 1312 509 1387 sinat;
545 1322 614 1374 tum
650 1313 727 1393 qnia
756 1314 1005 1380 Commentator
1028 1314 1106 1377 dicit

143 1439 173 1503 7.
198 1418 345 1499 Metaplr.
370 1419 460 1500 quod
484 1419 508 1480 si
532 1412 618 1481 entia
642 1440 708 1481 non
732 1419 854 1482 habent
881 1421 1030 1501 proprias
1052 1442 1106 1483 ac-

143 1526 258 1596 tiones
283 1546 348 1587 non
373 1525 541 1587 habebunt
564 1526 711 1606 proprias
734 1526 898 1588 essentias

216 1629 335 1695 Contra
360 1632 454 1693 illam
480 1631 570 1694 viam
594 1633 741 1713 arguitur
765 1633 841 1713 quia
856 1632 1106 1695 fundamentum

143 1748 314 1821 reputatur
338 1738 464 1812 falsum,
490 1748 558 1800 tum
582 1739 659 1820 quia
684 1739 774 1801 Deus
805 1761 870 1801 non
902 1749 985 1802 esset
1012 1761 1109 1802 causa

144 1845 251 1909 meriti
275 1846 357 1908 sicut
380 1840 439 1906 nec
463 1846 604 1926 peccati3
629 1854 698 1907 tum
716 1846 792 1927 quia
808 1847 944 1908 destruit
959 1847 1106 1909 ordinem

144 1973 327 2027 causarum,
353 1961 485 2034 propter
512 1953 601 2032 quod
636 1953 743 2014 omnis
778 1974 874 2014 causa
911 1954 1015 2035 prima
1039 1953 1110 2015 fluit

144 2061 177 2121 in
202 2040 276 2141 pius
299 2079 400 2140 quam
424 2059 566 2120 secunda
589 2080 686 2140 super
717 2068 898 2135 causatum,
922 2082 964 2122 ex
987 2080 1017 2122 Ι.
1035 2071 1109 2141 pro·

139 2166 237 2249 posit.
262 2166 300 2227 de
322 2166 430 2227 causis
439 2189 455 2239 χ
484 2176 552 2227 tum
592 2166 669 2245 quia
700 2166 725 2228 si
761 2166 851 2227 Deus
886 2188 951 2229 non
977 2166 1110 2228 haberet

145 2272 323 2335 efficaciam
340 2293 435 2353 super
451 2273 541 2345 velle,
559 2293 624 2333 non
641 2283 724 2334 esset
740 2272 894 2353 praescius
910 2273 1109 2348 futurorum3

146 2389 217 2441 turn
240 2380 338 2440 etiam
362 2379 437 2459 quia
461 2400 526 2440 non
551 2388 632 2440 esset
656 2378 874 2460 omnipotens,
933 2432 937 2437 .

215 2487 280 2548 Ista
303 2486 369 2547 duo
394 2486 507 2547 ultima
530 2494 725 2566 argumenta
755 2507 821 2547 non
858 2487 1056 2548 concludunt
1079 2497 1111 2548 et

148 2594 318 2656 solvuntur
343 2592 396 2656 lib.
422 2612 450 2653 Ι.
476 2592 551 2654 dist.
572 2610 628 2675 54.
653 2603 686 2654 et
708 2611 763 2676 44.
797 2631 839 2637 -—
872 2593 1024 2656 Similiter
1042 2594 1112 2674 pri·

149 2721 239 2763 mum
264 2720 330 2761 non
353 2700 438 2761 valet
461 2699 537 2779 quia
562 2699 653 2761 Deus
676 2710 724 2761 est
752 2721 849 2761 causa
874 2700 979 2761 meriti
1002 2701 1111 2781 aliquo

149 2807 213 2868 aiio
237 2807 347 2880 mod0,
372 2827 438 2886 quo
463 2807 563 2867 modo
587 2826 652 2867 non
677 2815 725 2868 est
748 2828 845 2868 causa
877 2808 1010 2887 peccati,
1035 2808 1112 2887 quia

150 2914 338 2975 immediate
361 2921 472 2974 causat
495 2913 526 2977 in
551 2912 659 2974 anima
684 2913 823 2993 gratiam
847 2914 896 2975 vel
921 2913 1111 2975 charitatem

150 3042 225 3103 quae
249 3019 382 3081 inclinat
413 3019 453 3080 ad
487 3019 689 3083 merendum.
716 3018 900 3081 Secundum
924 3021 1022 3081 etiam
1047 3042 1113 3081 non

150 3128 236 3189 valet
260 3147 319 3188 nec
343 3125 516 3198 concludit,
541 3134 589 3186 est
620 3127 707 3187 enim
729 3127 810 3187 ordo
834 3105 1008 3188 essentialis
1031 3126 1113 3188 inter

151 3255 264 3297 causas
288 3233 320 3293 in
344 3253 421 3303 esse,
447 3232 523 3314 quia
547 3232 652 3313 prima
676 3242 787 3294 causat
811 3234 997 3297 secundam.

196 3336 417 3425 *Quidquid
436 3342 561 3405 autem
593 3338 645 3404 sil
674 3340 715 3400 de
749 3340 809 3401 ista
843 3340 996 3421 opinione
1018 3341 1114 3402 datur

151 3448 308 3533 quintus
342 3442 478 3512 modus
512 3445 639 3507 dicendi
676 3447 765 3526 quod
801 3455 971 3527 peccatum
1007 3456 1115 3528 potest

151 3556 253 3636 accipi
278 3563 437 3634 quantum
462 3553 503 3613 ad
538 3563 645 3614 actum
681 3553 878 3614 substratum
914 3562 946 3614 et
981 3553 1043 3615 hoc
1066 3566 1115 3617 est

154 3660 318 3724 materiale
351 3659 401 3720 vel
437 3667 597 3739 quantum
633 3659 674 3719 ad
713 3659 963 3740 deformitatem,
992 3670 1024 3723 et
1052 3661 1114 3725 hoc
