2634 4267
264 284 330 346 204
533 268 607 333 Lm.
632 269 663 331 ΙΙ
687 267 982 332 Sensenrrnnuu
1182 9 1267 376 vi

238 474 375 556 angelus
398 473 431 536 in
459 494 596 557 corpore
618 483 790 556 assumpto
821 473 922 556 possit
945 494 1094 537 exercere
1108 481 1187 534 actus
1266 459 1269 526 l

238 580 393 662 potentiae
417 581 589 644 sensitivae.
615 581 661 644 Et
684 582 759 644 dico
782 582 872 664 quod
905 601 981 656 non,
1006 581 1096 661 cujus
1117 578 1187 640 ratio
1268 529 1270 626 i

237 694 286 749 est
308 686 386 767 quia
408 686 459 750 isti
482 695 575 750 actus
597 688 665 751 sive
689 688 896 770 operationes
926 708 993 750 non
1017 696 1090 749 sunt
1112 693 1186 748 natae

238 792 335 874 recipi
359 793 418 856 nisi
441 793 474 856 in
498 795 682 877 composito
698 795 854 878 organico
877 803 910 857 et
925 793 1065 876 perfecte
1094 792 1187 854 mixto
1270 817 1271 836 ³

237 919 282 960 ex
304 920 441 981 corpore
462 910 496 964 et
519 901 637 978 anima,
670 902 868 984 inquantum
893 901 992 964 habet
1022 899 1187 982 potentiam

239 1004 415 1086 perfectam
439 1027 581 1090 quorum
606 1017 759 1071 neutrum
782 1017 831 1070 est
854 1009 908 1070 ibi.
1014 1075 1017 1084 Δ

308 1107 428 1180 Tertio
450 1119 507 1181 est
527 1113 729 1182 ardendum
749 1116 774 1177 si
797 1117 933 1197 angelus
949 1114 981 1176 in
1005 1133 1134 1195 corpore
1147 1131 1187 1172 as·
1269 1201 1270 1206 η

238 1228 371 1300 sumpto
394 1240 545 1283 exercere
569 1222 670 1302 possit
693 1231 785 1284 actus
818 1221 974 1303 potentiae
997 1218 1185 1302 vegetativae.
1269 1223 1273 1268 f*

238 1324 283 1386 Et
305 1325 380 1388 dico
402 1335 467 1390 tres
490 1328 714 1390 conclusiones
737 1328 921 1391 secundum
938 1327 1027 1409 quod
1051 1325 1121 1388 huic
1135 1343 1186 1406 po-

237 1430 347 1494 tentiae
360 1432 581 1496 attribuuntur
596 1443 661 1497 tres
677 1435 891 1516 operationes
908 1435 1028 1496 scilicet
1043 1450 1184 1514 augmen·
1245 1451 1248 1460 ·
1273 1449 1274 1456 ³

237 1538 327 1612 tatio,
352 1540 484 1602 nutritio
507 1549 540 1602 et
563 1542 739 1623 generatio.

303 1645 423 1709 Prima
452 1645 628 1723 Conclusio,
653 1649 744 1730 quod
767 1648 904 1731 angelus
921 1669 987 1710 non
1004 1655 1106 1730 potest
1120 1663 1184 1726 pro·
1274 1677 1275 1688 2

237 1751 305 1832 prie
328 1773 478 1816 exercere
501 1754 533 1817 in
557 1755 613 1817 tali
636 1775 773 1837 corpore
791 1755 996 1838 operationes
1012 1759 1184 1836 augmenta·

236 1858 342 1932 tioniS,
366 1860 443 1940 quia
466 1863 691 1944 augmentatio
715 1862 846 1944 proprie
869 1871 917 1924 est
942 1861 1085 1944 corporis
1106 1877 1183 1921 corn·
1266 1873 1276 1898 ‘³

237 1965 332 2046 positi
355 1966 489 2029 animati
520 1977 553 2030 et
576 1968 718 2051 perfecte
753 1969 848 2031 mixti
883 1989 1026 2050 quorum
1049 1974 1182 2030 neutrum

236 2079 285 2134 est
308 2071 361 2134 ibi.

304 2177 455 2241 Secundo
483 2178 650 2244 Concluszo
666 2182 708 2243 de
724 2191 798 2245 actu
816 2181 1002 2246 nutritionis
1022 2181 1092 2244 dico
1106 2173 1183 2259 quod

236 2284 262 2346 si
286 2285 449 2366 loquimur
472 2288 514 2350 de
536 2309 612 2351 vera
629 2289 815 2364 nutritione,
838 2289 918 2352 nihil
941 2289 985 2350 ibi
1009 2297 1067 2352 nut
1055 2288 1147 2358 tritur,
1161 2280 1182 2343 si

236 2400 346 2454 autem
371 2393 543 2473 loquamur
566 2395 608 2457 de
632 2405 716 2458 mast
703 2396 855 2458 ticatione
878 2417 953 2478 quae
971 2394 1121 2478 praecedit
1134 2409 1183 2452 nu·

236 2498 410 2572 tritionem,
435 2499 488 2562 illa
512 2521 578 2563 non
593 2510 642 2563 est
657 2502 746 2564 aliud
763 2503 822 2564 nisr
815 2502 954 2565 divisio
970 2502 1033 2564 cibi
1057 2518 1110 2584 per
1125 2516 1182 2559 mo·

235 2613 308 2665 tum
331 2604 467 2667 localem
485 2607 750 2670 mandibulorum
766 2617 799 2671 et
822 2608 969 2689 trajectio
985 2609 1018 2671 in
1042 2616 1182 2672 ventrem,

236 2719 268 2772 et
291 2719 369 2773 tunc
393 2719 500 2793 potest
530 2711 598 2775 fieri
621 2714 763 2777 exalatio
786 2724 819 2777 et
850 2715 1002 2778 resolutio
1027 2715 1058 2777 in
1082 2715 1182 2776 humo

235 2837 294 2880 res,

309 2924 417 2987 Tertio
446 2922 624 3007 Conclusio,
648 2926 674 2989 si
698 2937 806 3009 potest
828 2928 861 2990 in
889 2937 1001 2991 actum
1019 2925 1183 3011 generatio-

236 3029 294 3102 nis,
318 3030 392 3093 dico
415 3032 505 3113 quod
529 3042 636 3115 potest
671 3034 866 3116 inquantum
891 3044 999 3117 potest
1021 3057 1089 3098 esse
1110 3034 1184 3095 incu-

235 3135 297 3198 bus
320 3147 352 3198 et
375 3138 554 3219 succubus;
588 3140 651 3202 hoc
675 3149 784 3204 autem
816 3142 1063 3226 intelligendum
1086 3149 1130 3204 est
1150 3137 1183 3198 de

236 3241 328 3304 malis
350 3245 473 3325 angelis
496 3265 562 3307 non
585 3247 627 3309 de
649 3247 753 3321 boniS,
770 3248 847 3330 quia
870 3258 1001 3312 nonest
1029 3244 1183 3311 verisimile

234 3349 324 3429 quod
348 3351 425 3412 boni
448 3353 555 3434 angeli
590 3349 794 3416 immisceant
816 3375 850 3417 se
872 3355 991 3418 talibus
1015 3354 1182 3420 vilitalibus.

234 3455 341 3517 Malus
364 3467 474 3520 autem
498 3460 634 3541 angelus
657 3461 689 3522 in
707 3470 876 3543 assumpto
893 3483 1029 3544 corpore
1045 3470 1146 3545 potest
1158 3479 1184 3519 a·

233 3560 308 3622 licui
330 3582 399 3625 esse
422 3541 592 3640 succubus,
609 3576 641 3628 et
658 3576 789 3648 recepto
804 3568 846 3630 ab
863 3569 917 3631 illo
933 3570 1055 3633 semine
1078 3567 1182 3638 decis0,

234 3676 342 3747 potest
364 3669 443 3731 illud
477 3691 603 3733 servare
626 3673 659 3734 in
694 3674 849 3754 qualitate
871 3684 904 3737 et
931 3675 1038 3738 calore
1060 3670 1183 3739 naturali
