2634 4267
283 293 348 372 246
533 291 609 356 Lm.
633 292 664 354 11
688 263 984 358 Ssnrun‘nnnun

332 496 559 583 Quantum
583 497 648 564 ud
666 501 876 582 quartum
892 497 1144 586 Articulum
1159 496 1212 560 fuit

258 603 371 687 opinio
394 603 605 686 Empedoclis
627 602 710 666 sicut
733 602 792 666 sibi
808 604 949 686 imponit
972 604 1162 670 Aristoteles
1182 623 1209 667 2.

255 711 296 774 de
317 711 444 783 anima,
471 711 562 793 quod
585 711 696 773 lumen
720 700 786 773 non
811 710 1045 792 multiplicatur
1067 711 1098 774 in
1114 711 1210 773 medio

257 817 291 880 in
314 816 456 892 instanti,
481 818 538 890 sed
555 817 748 900 intempore
771 837 837 880 non
851 819 1061 899 perceptibili.
1073 819 1207 881 Eandem

257 924 445 1007 opinionem
469 933 558 987 tenet
580 933 695 988 auctor
718 924 789 986 libri
812 925 851 987 de
872 923 1009 1006 sphera.
1035 925 1100 989 Sed
1124 934 1208 987 teneo

257 1031 447 1113 oppositum
470 1039 543 1093 tum
559 1040 693 1114 propter
705 1031 913 1095 auctoritates
936 1031 1124 1114 Philosophi
1142 1051 1205 1112 quae

263 1137 375 1200 dicunt
399 1137 587 1220 oppositum
600 1137 636 1200 iu
658 1157 689 1201 2.
715 1136 815 1219 Phys.
833 1146 865 1201 et
889 1137 925 1200 iu
942 1157 994 1203 10.
1014 1138 1122 1202 Ettic.
1137 1147 1164 1200 et
1178 1138 1203 1198 in

264 1243 319 1307 lib.
343 1245 383 1307 de
404 1265 498 1307 seusu
521 1255 553 1306 et
573 1256 708 1317 sensato,
740 1245 832 1308 etin
864 1263 896 1308 2.
921 1245 961 1308 de
995 1246 1118 1318 areima,
1143 1253 1201 1306 turn

260 1360 395 1435 propter
418 1351 565 1414 rationes.

324 1459 373 1520 Et
392 1468 441 1521 est
445 1458 558 1538 priene
573 1459 659 1520 ratio
678 1458 750 1520 talis
762 1458 862 1539 ipsius
882 1458 1071 1540 Philosophi
1087 1459 1117 1520 in
1130 1477 1156 1520 2.
1169 1455 1201 1518 dt

254 1564 380 1644 auimo.
398 1563 540 1645 Quando
552 1563 674 1645 aliquid
687 1564 877 1627 diffunditur
889 1565 922 1626 in
937 1573 1086 1646 tempore
1100 1566 1199 1645 imper-

254 1670 397 1752 ceptibili
409 1691 505 1751 super
517 1671 650 1751 aliquod
663 1671 814 1752 spatium,
826 1671 1041 1752 multiplicato
1048 1672 1101 1734 illo
1111 1669 1200 1752 spatio

257 1777 448 1841 diffunditur
461 1777 492 1838 in
516 1787 665 1859 tempore
688 1777 897 1859 perceptibili,
922 1777 1001 1859 quia
1023 1779 1088 1841 duo
1100 1778 1202 1858 imper-

257 1883 421 1967 ceptibilia
432 1893 569 1965 possunt
581 1883 685 1946 facere
698 1905 802 1946 unum
815 1884 1032 1970 perceptibile;
1045 1905 1120 1967 ergo
1130 1883 1151 1945 si
1162 1883 1201 1943 la-

254 1999 337 2054 teret
349 2011 409 2052 nos
422 1991 646 2072 multiplicatio
659 1991 789 2053 luminis
801 1991 833 2053 in
845 2012 948 2073 parvo
961 1992 1069 2054 medio
1085 1997 1200 2073 propter

254 2096 604 2179 imperceptibilitatem
619 2096 785 2179 temporis,
803 2119 869 2161 non
893 2098 1006 2161 lateret
1019 2119 1077 2161 nos
1091 2097 1121 2160 in
1141 2116 1200 2158 ma-

258 2225 326 2286 gno
350 2203 454 2285 spatio
477 2203 519 2266 ab
543 2204 666 2267 oriente
689 2205 721 2266 in
745 2205 905 2269 occidens.

325 2308 475 2372 Secunda
497 2321 546 2373 est
566 2311 650 2373 ratio
674 2311 811 2373 Aureoli
835 2319 867 2374 et
890 2312 978 2374 bona
1006 2312 1093 2375 talis:
1115 2310 1137 2373 si
1157 2330 1199 2371 ra·

256 2417 330 2481 dius
353 2438 418 2479 non
443 2427 615 2499 generatur
638 2439 658 2480 a
681 2418 748 2480 sole
771 2418 804 2480 in
827 2439 900 2482 aere
923 2419 955 2481 in
974 2419 1110 2495 instanti
1131 2436 1199 2498 ergo

257 2544 428 2605 nunquam
452 2524 669 2606 generabitur.
698 2523 896 2607 Consequens
918 2535 967 2589 est
995 2526 1117 2601 falsum;
1131 2542 1199 2604 ergo

257 2639 291 2694 et
313 2631 509 2696 antecedens.
538 2630 769 2713 Consequentia
793 2633 959 2713 probatur,
977 2633 1054 2714 quia
1077 2633 1120 2695 sol
1142 2649 1197 2691 non

255 2746 305 2801 est
328 2737 386 2799 nisi
410 2738 442 2800 in
466 2737 597 2800 instanti
622 2739 653 2799 in
678 2758 744 2800 uno
760 2739 834 2801 situ.
851 2739 944 2801 Tune
960 2739 994 2801 in
1015 2741 1069 2802 illo
1084 2734 1196 2801 instanti

255 2852 313 2906 aut
337 2853 469 2926 generat
486 2845 620 2907 ‚radium
644 2854 701 2907 aut
724 2865 808 2922 non;
833 2845 857 2906 si
881 2846 935 2920 sic,
973 2845 1108 2910 habetur
1138 2863 1198 2926 pro·

256 2951 418 3032 positum:
442 2951 467 3013 si
492 2972 568 3025 non,
592 2973 671 3033 ergo
695 2973 864 3033 nunquam
889 2954 1104 3034 generabitur;
1133 2949 1195 3032 quia

256 3056 339 3119 sicut
361 3057 504 3120 variatur
527 3057 606 3120 situs
629 3058 713 3132 solis,
738 3058 782 3120 ita
805 3059 947 3121 variatur
971 3060 1055 3123 linea
1070 3067 1197 3122 rectase

259 3163 406 3225 cundum
430 3184 531 3244 quam
555 3165 663 3227 radius
686 3174 791 3228 rectus
814 3158 988 3229 derivatur.

327 3375 550 3462 Quantum
563 3379 842 3463 unquentum
854 3379 1115 3464 Articulum,
1138 3378 1196 3440 dico

255 3484 345 3565 quod
359 3484 464 3566 prima
476 3486 528 3548 die
540 3486 601 3548 luit
623 3495 731 3549 creata
750 3487 818 3549 lux.
840 3487 913 3550 Hoc
933 3490 1051 3569 probat
1070 3489 1195 3550 Thomas

257 3590 311 3653 sic:
321 3591 459 3671 qualitas
472 3592 567 3672 primi
579 3593 723 3674 corporis
736 3594 848 3657 debuit
860 3595 965 3676 prima
977 3597 1029 3658 die
1042 3594 1142 3672 creari;
1150 3587 1193 3653 sed

253 3695 318 3756 lux
341 3704 390 3756 est
413 3696 619 3776 hujusmodi;
643 3719 732 3779 ergo,
749 3736 793 3746 -
816 3701 914 3762 Ratio
938 3723 1004 3765 non
1028 3704 1118 3776 valet,
1133 3695 1193 3779 quia
