2634 4267
264 239 455 325 Drs'rrncr.¹
472 209 681 315 ilfoumsr.
707 239 771 301 VII
956 205 1013 318 163

93 444 263 524 Deumest
286 465 330 506 ex
353 445 522 507 dilectione
553 466 654 527 quam
691 445 789 506 habet
817 444 859 506 ad
883 445 1037 525 seipsum,

91 551 180 612 etsie
202 551 332 613 dilectio
356 551 404 612 sui
427 552 486 614 erit
510 551 613 632 major
638 572 694 633 per
725 551 804 613 illud
828 551 1037 633 principium:

93 667 213 739 propter
235 658 327 739 quod
351 660 611 741 unumquodque
625 660 689 720 tale
711 668 745 720 et
767 658 874 740 ipsum
900 658 1013 739 magis.

151 763 295 827 Secundo
318 765 376 827 sic:
402 785 467 827 non
490 774 538 827 est
554 765 640 828 idem
665 775 756 828 actus
780 764 910 827 habitus
933 785 1041 846 super·

94 872 235 933 naturalis
257 881 291 934 et
315 872 485 948 naturalis;
509 873 565 934 sed
589 872 721 954 diligere
738 872 846 934 Deum
862 892 957 953 super
974 892 1042 933 om·

94 977 139 1039 nia
159 987 191 1040 et
213 988 347 1060 propter
370 999 413 1052 se,
437 988 485 1040 est
507 988 599 1041 actus
622 979 803 1054 charitatis;
827 999 915 1060 ergo.

156 1072 258 1148 Tertio
282 1085 344 1147 sic:
369 1085 475 1147 omnis
497 1086 639 1147 amicitia
674 1085 829 1148 fundatur
864 1106 960 1166 super
984 1085 1041 1146 ali-

94 1211 185 1270 quam
218 1193 395 1254 unitatem:
427 1213 506 1274 ergo
541 1193 596 1254 ubi
630 1201 679 1254 est
714 1192 817 1273 major
852 1193 968 1265 unitas,
998 1191 1041 1253 ibi

94 1307 136 1358 est
156 1299 257 1379 major
281 1299 427 1375 dilectio;
451 1300 508 1361 sed
532 1299 636 1380 major
670 1308 719 1361 est
749 1299 854 1361 unitas
889 1299 1042 1360 naturalis

94 1405 188 1486 angeli
211 1406 253 1466 ad
277 1406 420 1486 seipsum
443 1427 544 1487 quam
569 1406 691 1488 Angeli
715 1407 757 1468 ad
782 1409 910 1481 Deum3
935 1426 1026 1487 erg0.

157 1510 278 1586 Quarto
301 1513 363 1574 sic:
392 1513 498 1575 omnis
533 1522 648 1575 natura
683 1513 787 1594 diligit
810 1534 844 1574 se
878 1521 1039 1593 quantum

96 1627 199 1696 potest,
223 1619 301 1700 quia
323 1620 405 1682 vitat
428 1629 663 1682 nocumentum
687 1641 782 1690 suum
807 1629 967 1700 quantum
986 1640 1043 1700 po·

95 1732 165 1802 test;
187 1747 266 1808 ergo
289 1746 356 1789 non
380 1736 487 1808 potest
510 1727 641 1808 diligere
666 1730 776 1790 Deum
801 1728 973 1809 plusquam
998 1746 1042 1800 se,

95 1831 162 1910 quia
183 1842 260 1895 tunc
283 1833 431 1915 diligeret
454 1834 537 1895 ultra
560 1855 663 1914 posse.

153 1938 240 2006 Alia
275 1943 334 2007 est
353 1938 482 2025 opimo
508 1939 701 2008 contrariu
730 1961 805 2022 quae
841 1940 918 2002 dicit
952 1941 1043 2020 quod

95 2047 219 2127 angelus
242 2056 350 2128 potest
367 2048 552 2110 naturaliter
575 2047 707 2130 diligere
724 2050 834 2110 Deum
853 2048 1057 2138 plusquam

96 2171 133 2225 se,
155 2155 241 2234 quod
264 2153 422 2235 probatur
445 2144 690 2217 auctoritatibus
713 2154 893 2235 Augustini
918 2154 1045 2237 Defide

96 2259 138 2319 ad
154 2260 287 2323 Petrum
311 2269 343 2322 et
377 2260 448 2323 Lib.
484 2271 611 2323 retract.
646 2270 679 2322 et
702 2261 773 2323 Lib.
806 2261 845 2322 de
869 2281 946 2322 vera
970 2260 1044 2322 reli·

93 2366 189 2444 gione.
799 2429 807 2459 r

156 2475 254 2536 Istam
283 2471 523 2538 Conclusionern
552 2475 671 2556 probat
693 2474 838 2536 Thomas
855 2484 937 2554 part
959 2493 988 2535 Ι.
1014 2495 1044 2554 q.

97 2597 142 2641 ro.
164 2602 192 2642 a.
217 2583 275 2644 ult.
300 2582 362 2643 sic:
386 2583 510 2643 bonum
535 2602 711 2644 commune
730 2581 766 2643 ¹iu
790 2602 857 2662 quo
886 2581 1046 2642 clauditur

97 2696 125 2747 et
145 2697 319 2750 reservatur
343 2689 467 2750 bonum
492 2689 683 2769 particulare
706 2697 753 2749 est
778 2689 881 2769 magis
904 2688 1045 2749 bonum:

96 2794 146 2854 sed
167 2795 292 2857 bonitas
316 2796 379 2858 Dei
402 2796 522 2858 claudit
544 2796 577 2856 in
600 2816 634 2857 se
668 2816 765 2856 omne
789 2796 912 2856 bonum
948 2794 1046 2874 parti-

98 2901 209 2963 culare:
233 2923 313 2984 ergo
336 2902 419 2964 sicut
442 2903 628 2964 naturaliter
649 2903 722 2983 plus
750 2902 914 2983 diligimus
937 2910 1046 2962 totum

99 3026 188 3085 quam
211 3018 347 3091 partem,
371 3009 415 3070 sic
438 3009 625 3070 naturaliter
659 3009 794 3089 angelus
830 3016 937 3089 potest
972 3008 1046 3088 plus

100 3112 219 3195 diligere
243 3116 353 3177 Deum
377 3136 477 3196 quam
502 3115 655 3196 seipsum.

159 3221 264 3283 Etiam
288 3242 349 3304 pro
372 3222 424 3283 illa
447 3222 600 3302 opinione
614 3222 760 3302 arguitur
773 3221 825 3284 sic.
844 3221 877 3283 Si
895 3241 959 3282 non
977 3241 1048 3301 pos-

102 3335 142 3387 set
172 3330 305 3411 angelus
339 3328 390 3390 vel
425 3326 526 3389 homo
561 3328 693 3409 diligere
728 3329 837 3389 Deum
873 3328 1047 3408 plusquam

103 3433 229 3514 seipsum
254 3434 316 3498 nisi
339 3455 396 3516 per
412 3435 602 3497 charitatem
626 3443 705 3497 tunc
722 3433 822 3496 homo
847 3443 956 3514 posset
968 3433 1049 3495 scire

102 3558 130 3600 se
143 3561 205 3604 esse
220 3544 252 3605 in
269 3541 436 3614 charitate,
460 3541 536 3622 quia
553 3551 660 3622 potest
677 3542 756 3602 scire
776 3541 801 3602 si
817 3540 921 3621 diligit
937 3542 1048 3602 Deum

103 3647 262 3732 plusquam
286 3649 439 3730 seipsum.
467 3650 626 3710 Praeterea
654 3648 917 3729 quandocunque
941 3647 1050 3727 aliqua
