2634 4267
290 257 479 323 Drsrmcr.
504 258 549 320 111
573 255 720 338 Quasi.
745 257 808 321 Vll
970 260 1030 339 163

151 463 213 524 Ad
225 463 390 544 primum,
406 463 496 545 quod
508 463 652 546 cognitio
664 461 701 525 fit
716 483 773 545 per
789 461 1053 527 assimilationem

78 589 150 631 non
174 590 277 651 penes
301 570 453 650 speciem,
476 571 534 633 sed
549 563 649 652 penes‘
664 578 786 645 actum3
798 578 847 632 est
859 569 946 632 enim
957 579 1051 634 actus

78 676 266 739 similitudo
289 676 418 758 objecti.
513 704 527 737 ·.

148 784 212 846 Ad
229 783 407 846 secundum
430 784 504 846 dico
527 776 618 865 quod
641 784 766 867 duplex
789 794 838 847 est
869 784 1051 846 indetermi·
1123 799 1135 846 ·.

78 889 183 952 natio:
210 911 278 952 una
300 890 455 972 potentiae
471 889 618 973 passivae,
635 891 721 953 etde
733 891 785 953 illa
797 900 846 954 est
858 911 933 953 vera
946 891 1053 974 major

78 995 282 1077 argumenti,
307 996 368 1058 alia
395 1006 444 1059 est
466 997 727 1059 indeterminatio
750 997 905 1079 potentiae
933 997 1050 1060 activae

79 1110 114 1164 et
138 1103 182 1164 de
205 1103 268 1164 ista
291 1104 397 1186 major
418 1112 468 1166 est
490 1102 578 1166 falsa.
603 1105 789 1166 Intellectus
811 1112 923 1166 autem
939 1113 989 1166 est
1004 1104 1050 1166 in-

80 1209 321 1272 determinatus
343 1209 644 1273 indeterminatione
667 1210 822 1293 potentiae
846 1211 971 1274 activae.

149 1317 212 1379 Ad
232 1317 364 1379 tertium
387 1317 460 1380 dico
483 1317 573 1399 quod
597 1337 663 1379 non
690 1318 836 1399 sequitur
859 1319 949 1399 quod
979 1339 1051 1380 om-

81 1444 139 1486 nes
162 1422 398 1486 intellectiones
412 1432 489 1485 sunt
504 1423 650 1504 ejusdem
667 1424 793 1506 speciei,
818 1445 878 1506 pro
894 1444 934 1486 eo
956 1425 1049 1505 quod

80 1530 198 1592 transit
227 1550 284 1611 per
315 1550 411 1592 suum
442 1540 553 1595 actum
579 1551 680 1612 ⁴super
711 1530 839 1611 objecta
870 1531 1050 1594 differentia

80 1638 199 1717 specie,
225 1637 308 1699 sicut
331 1638 378 1699 sol
402 1658 459 1720 per
488 1639 625 1699 eandem
657 1638 821 1712 virtutem,
853 1638 1049 1719 inquantum

80 1763 179 1825 super
203 1743 333 1823 objecta
356 1745 481 1807 diversa
504 1745 628 1819 transit,
652 1744 752 1807 habet
786 1745 959 1808 dissolvere
980 1745 1048 1826 gla·
1101 1807 1104 1813 ,

81 1850 167 1912 ciem
191 1858 227 1912 et
248 1850 410 1913 desiccare
433 1852 550 1913 lutum.

147 1957 210 2019 Ad
230 1967 384 2037 quartum
408 1959 481 2020 dico
505 1958 595 2039 quod
618 1958 671 2021 illa
694 1958 870 2020 similitudo
902 1978 967 2021 non
998 1969 1048 2021 est

80 2063 276 2125 omnimoda
299 2064 355 2126 sed
378 2064 534 2146 aliqualis,
548 2065 609 2126 Est
631 2065 719 2127 enim
735 2065 967 2127 similitudoin
985 2063 1048 2127 hoc

82 2171 173 2250 quod
197 2171 333 2233 materia
356 2171 550 2253 inquantum
568 2172 679 2254 recipit
702 2181 750 2234 est
763 2172 795 2234 in
811 2172 956 2253 potentia
973 2193 1046 2252 pas-

82 2276 160 2349 siva,
183 2285 219 2338 et
240 2277 385 2340 similiter
408 2279 605 2359 intellectus3
636 2280 694 2341 sed
724 2289 773 2341 est
803 2278 1041 2351 dissimilitudo,

82 2385 159 2463 quia
183 2385 319 2447 materia
341 2386 560 2449 videturesse
584 2387 717 2468 praecise
738 2385 883 2467 potentia
907 2385 1044 2466 passiva,

81 2488 263 2553 intellectus
286 2501 397 2554 autem
421 2513 485 2555 non
510 2494 616 2555 solum
640 2493 767 2555 videtur
798 2513 866 2554 esse
898 2492 1045 2573 potentia
1136 2553 1139 2559 .

82 2598 221 2676 passiva,
245 2600 423 2662 sedetiam
447 2601 695 2682 quodammodo
719 2600 864 2681 potentia
885 2599 1000 2661 activa.

145 2703 209 2766 Ad
226 2710 379 2786 quintum
395 2706 582 2789 dicoquod
605 2707 785 2769 intellectus
816 2705 916 2768 fertur
947 2726 1044 2787 sup-er

82 2811 224 2890 speciem
256 2813 450 2894 inquantum
481 2815 513 2876 in
544 2835 583 2876 ea
613 2815 734 2877 relucet
764 2813 930 2895 objectum
963 2812 1046 2874 sicut

82 2915 263 2982 intellectus
285 2919 385 2983 fertur
398 2943 495 3004 supra
507 2942 622 2984 vocem
639 2922 835 3002 inquantum
851 2929 899 2981 est
914 2939 1045 3000 expres-

86 3042 151 3086 siva
175 3046 231 3087 rer.

149 3129 233 3219 Qut·
251 3138 377 3204 autem
387 3133 602 3205 vulttenere
613 3133 788 3221 primam
811 3131 1046 3218 ommonem,

84 3259 191 3330 potest
204 3247 400 3329 respondere
411 3245 453 3307 ad
467 3244 605 3307 rationes
617 3243 769 3305 secundae
792 3240 963 3324 opinioni5‚
980 3239 1042 3300 sic:

145 3355 207 3418 Ad
221 3354 371 3437 primum
394 3352 657 3433 quandocunque
680 3350 722 3411 ad
734 3349 878 3429 aliquem
890 3345 1043 3408 eflectum

84 3470 280 3527 concurrunt
303 3460 412 3542 plures
442 3478 548 3520 causae
580 3456 730 3538 partiales
753 3455 852 3516 altera
876 3452 1046 3515 deficiente

85 3589 145 3633 non
169 3569 316 3652 sequitur
339 3566 481 3640 effectus,
495 3564 617 3646 species
632 3571 743 3624 autem
760 3562 801 3623 ad
819 3561 926 3622 minus
939 3559 1046 3640 requi-

85 3677 159 3741 ritur
183 3655 215 3739 in
239 3673 428 3756 cognitione
450 3671 661 3748 abstractiva;
690 3690 770 3750 ergo
793 3668 846 3729 illa
871 3686 937 3729 non
967 3685 1044 3726 cau-
