2634 4267
278 245 341 305 218
521 242 595 304 Lur.
621 243 650 304 11
675 243 968 307 Sauranrnnun

611 446 787 528 Quasrro
812 448 852 510 11.

572 589 718 652 Secundo
740 590 903 672 quoerz'tur

395 727 441 784 An
459 727 585 795 Angelus
602 745 678 784 nnus
696 729 783 798 possit
801 729 1064 786 allumlllumluare

321 873 461 936 Videtur
491 873 582 954 quod
605 894 682 948 non,
713 874 790 956 quia
813 873 996 938 illuminare
1027 884 1074 938 est
1101 875 1188 936 lumen
1275 831 1276 878 l

255 1000 363 1042 creare
384 981 435 1043 vel
460 980 570 1042 lumen
593 980 777 1058 intendere3
802 982 860 1043 sed
897 981 1049 1064 Angelus
1071 1003 1128 1044 non
1147 1001 1189 1062 po
1275 987 1276 1060 ζ

254 1094 317 1150 test
341 1086 450 1148 lumen
474 1107 591 1160 creare,
622 1087 699 1169 quia
722 1108 830 1150 creare
861 1089 1020 1169 competit
1043 1089 1097 1151 soli
1124 1089 1189 1158 Deo,
1275 1089 1276 1092 ’

256 1213 315 1255 nec
338 1202 445 1274 potest
468 1201 613 1256 creatum
644 1193 820 1267 intendere,
845 1194 922 1275 quia
954 1196 996 1257 ab
1021 1196 1128 1258 eodem
1147 1192 1192 1254 ha·

255 1300 341 1362 bitus
363 1300 539 1362 intenditur
561 1319 581 1362 a
604 1320 671 1382 quo
695 1300 884 1382 producitur
908 1322 959 1363 ex.
985 1320 1016 1367 Ι.
1044 1300 1144 1364 Etlzz'c.

323 1380 475 1471 Secubdo
509 1406 570 1470 sic:
595 1427 661 1469 non
685 1415 733 1469 est
766 1406 899 1469 minoris
931 1407 1105 1471 nobilitatis
1125 1406 1195 1469 intel·
1276 1407 1277 1460 l

256 1513 357 1577 lectus
372 1513 546 1595 angelicus,
566 1534 667 1594 quam
685 1512 866 1589 humanus;
891 1513 948 1576 sed
965 1514 1139 1577 intellectus
1151 1512 1197 1574 hu·
1276 1509 1277 1550 ἓ

256 1640 372 1682 manus
395 1619 594 1682 illuminatur
609 1641 629 1681 a
652 1620 723 1682 solo
743 1620 826 1693 De0,
851 1641 908 1702 per
925 1620 1006 1682 illud
1031 1622 1116 1683 loan.
1131 1620 1195 1681 Erat

255 1728 314 1789 lux
337 1747 414 1788 vera
436 1747 510 1808 quae
535 1726 697 1790 illuminat
719 1735 780 1789 etc.

324 1848 352 1912 3.
377 1834 546 1908 Praeterea,
571 1833 677 1895 omnis
709 1833 847 1896 mutatio
871 1843 919 1895 est
951 1835 1036 1896 inter
1060 1832 1198 1916 opposita,
1277 1915 1278 1918 Ἴ

255 1949 288 2003 et
310 1940 355 2002 sic
378 1940 403 2002 si
417 1941 562 2021 angelus
585 1939 794 2013 illuminatur,
818 1941 907 2021 prius
931 1939 992 2003 fuit
1016 1941 1197 2008 tenebrosus,
1277 1935 1278 1942 '

255 2047 345 2128 quod
368 2055 416 2108 est
440 2046 681 2109 inconveniens.

321 2171 352 2231 4.
377 2154 546 2227 Praeterea,
570 2161 627 2214 aut
642 2153 778 2234 angelus
801 2151 929 2216 inferior
945 2153 1106 2217 illuminat
1120 2170 1198 2234 supe·

256 2260 383 2334 riorem,
408 2269 464 2321 aut
487 2280 505 2321 e
528 2280 695 2322 converso.
720 2261 796 2323 Non
821 2261 928 2342 primo
952 2262 1064 2336 modo,
1088 2259 1155 2342 quia
1174 2256 1202 2318 il·

257 2367 419 2429 luminans
442 2375 490 2429 est
513 2364 683 2448 perfectior
707 2366 907 2445 illuminato;
931 2367 990 2429 sed
1014 2366 1144 2450 angelus
1162 2364 1201 2424 in-

255 2471 351 2536 ferior
374 2493 440 2535 non
463 2481 511 2535 est
535 2472 704 2554 perfectior
720 2474 901 2555 superiore;
917 2494 1006 2556 ergo
1033 2474 1101 2536 Nec
1119 2471 1202 2534 etiam
1278 2473 1279 2490 ³

256 2580 400 2642 secundo
424 2580 533 2654 modo,
558 2580 634 2660 quia
658 2579 764 2660 majus
794 2579 903 2642 lumen
931 2578 1080 2644 obfuscat
1102 2578 1201 2646 minus,

256 2686 339 2748 sicut
362 2695 452 2768 patet
475 2686 506 2747 in
531 2686 664 2748 meridie
679 2686 769 2767 quod
785 2686 895 2748 lumen
919 2685 994 2749 solis
1010 2686 1150 2750 obfuscat
1164 2683 1203 2742 lu-

257 2813 333 2855 men
356 2793 530 2855 stellarum.

323 2901 364 2962 In
388 2899 588 2962 contrarium
612 2907 661 2962 est
684 2899 863 2980 Dionysius
875 2899 908 2962 in
924 2900 975 2962 De
990 2899 1136 2983 angelica
1149 2894 1204 2957 leie-

256 3005 391 3069 rarclzr'a
414 3007 470 3088 qui
495 3006 571 3068 dicit
594 3006 684 3087 quod
700 3006 807 3088 angeli
822 3006 1003 3087 superiores
1020 3012 1162 3089 purgant,
1177 2999 1203 3060 il·

257 3112 417 3176 luminant
429 3121 462 3174 et
474 3111 644 3193 perficiunt
655 3112 827 3175 inferiores.
841 3151 885 3158 —
902 3110 1128 3196 confirmatur,
1140 3106 1202 3190 quia

257 3220 390 3282 ecclesia
414 3218 619 3300 triumphans
653 3219 846 3281 assimilatur
870 3219 1013 3282 ecclesiae
1050 3212 1201 3284 militanti;

258 3326 314 3388 sed
338 3326 371 3388 in
394 3326 527 3389 ecclesia
545 3326 702 3388 militante
718 3346 802 3388 unus
827 3325 928 3388 homo
945 3326 1104 3388 illuminat
1117 3323 1201 3386 alium

259 3431 444 3507 hominem;
470 3454 559 3515 ergo
1067 3485 1068 3490 ,

326 3539 560 3604 RESPONDEO.
574 3539 636 3601 Hic
648 3548 724 3601 sunt
736 3548 875 3620 quatuor
888 3539 1029 3602 Articuli
1042 3535 1200 3602 secundun

258 3654 398 3726 quatuor
423 3646 539 3708 modos
554 3642 699 3707 'dicendi
