<?xml version="1.0" encoding="UTF-8"?>
<!DOCTYPE html PUBLIC "-//W3C//DTD XHTML 1.0 Transitional//EN"
    "http://www.w3.org/TR/xhtml1/DTD/xhtml1-transitional.dtd">
<html xmlns="http://www.w3.org/1999/xhtml" xml:lang="en" lang="en">
 <head>
  <title>
</title>
<meta http-equiv="Content-Type" content="text/html;charset=utf-8" />
  <meta name='ocr-system' content='tesseract 3.04.00' />
  <meta name='ocr-capabilities' content='ocr_page ocr_carea ocr_par ocr_line ocrx_word'/>
</head>
<body>
  <div class='ocr_page' id='page_1' title='image "./commentariainli00scotgoog_0129.png"; bbox 0 0 2634 4267; ppageno 0'>
   <div class='ocr_carea' id='block_1_1' title="bbox 352 247 1089 332">
    <p class='ocr_par' dir='ltr' id='par_1_1' title="bbox 352 247 1089 332">
     <span class='ocr_line' id='line_1_1' title="bbox 352 247 1089 332; baseline 0.004 -21"><span class='ocrx_word' id='word_1_1' title='bbox 352 247 540 312; x_wconf 81' lang='lat' dir='ltr'>D1sT1ncT.</span> <span class='ocrx_word' id='word_1_2' title='bbox 564 249 609 310; x_wconf 88' lang='lat'>111</span> <span class='ocrx_word' id='word_1_3' title='bbox 634 247 780 330; x_wconf 75' lang='lat' dir='ltr'>QuAEsr.</span> <span class='ocrx_word' id='word_1_4' title='bbox 805 249 835 312; x_wconf 95' lang='lat' dir='ltr'>II</span> <span class='ocrx_word' id='word_1_5' title='bbox 1024 265 1089 332; x_wconf 50' lang='lat'>¹117</span> 
     </span>
    </p>
   </div>
   <div class='ocr_carea' id='block_1_2' title="bbox 141 454 1110 2774">
    <p class='ocr_par' dir='ltr' id='par_1_2' title="bbox 142 454 1110 624">
     <span class='ocr_line' id='line_1_2' title="bbox 143 454 1110 536; baseline 0 -17"><span class='ocrx_word' id='word_1_6' title='bbox 143 454 413 527; x_wconf 89' lang='lat' dir='ltr'>Conclusionem,</span> <span class='ocrx_word' id='word_1_7' title='bbox 437 454 572 516; x_wconf 80' lang='lat' dir='ltr'>secundo</span> <span class='ocrx_word' id='word_1_8' title='bbox 588 454 849 528; x_wconf 77' lang='lat' dir='ltr'>declarationem,</span> <span class='ocrx_word' id='word_1_9' title='bbox 863 455 955 518; x_wconf 82' lang='lat' dir='ltr'>tertio</span> <span class='ocrx_word' id='word_1_10' title='bbox 967 455 1110 536; x_wconf 88' lang='lat' dir='ltr'>objecto-</span> 
     </span>
     <span class='ocr_line' id='line_1_3' title="bbox 142 561 472 624; baseline -0.006 -1"><span class='ocrx_word' id='word_1_11' title='bbox 142 583 218 624; x_wconf 87' lang='lat' dir='ltr'>rum</span> <span class='ocrx_word' id='word_1_12' title='bbox 244 561 472 624; x_wconf 88' lang='lat' dir='ltr'>remotionem.</span> 
     </span>
    </p>

    <p class='ocr_par' dir='ltr' id='par_1_3' title="bbox 141 666 1110 2774">
     <span class='ocr_line' id='line_1_4' title="bbox 217 666 1110 748; baseline 0 -17"><span class='ocrx_word' id='word_1_13' title='bbox 217 666 388 731; x_wconf 83' lang='lat' dir='ltr'>Conclusio</span> <span class='ocrx_word' id='word_1_14' title='bbox 410 677 459 728; x_wconf 91' lang='lat' dir='ltr'>est</span> <span class='ocrx_word' id='word_1_15' title='bbox 483 667 542 728; x_wconf 88' lang='lat' dir='ltr'>ista</span> <span class='ocrx_word' id='word_1_16' title='bbox 565 667 654 748; x_wconf 91' lang='lat' dir='ltr'>quod</span> <span class='ocrx_word' id='word_1_17' title='bbox 679 667 858 730; x_wconf 89' lang='lat' dir='ltr'>substantia</span> <span class='ocrx_word' id='word_1_18' title='bbox 875 668 1046 730; x_wconf 88' lang='lat' dir='ltr'>materialis</span> <span class='ocrx_word' id='word_1_19' title='bbox 1062 677 1110 731; x_wconf 90' lang='lat' dir='ltr'>est</span> 
     </span>
     <span class='ocr_line' id='line_1_5' title="bbox 143 773 1109 855; baseline 0 -18"><span class='ocrx_word' id='word_1_20' title='bbox 143 775 315 837; x_wconf 89' lang='lat' dir='ltr'>individua</span> <span class='ocrx_word' id='word_1_21' title='bbox 337 794 394 855; x_wconf 89' lang='lat' dir='ltr'>per</span> <span class='ocrx_word' id='word_1_22' title='bbox 425 773 593 837; x_wconf 85' lang='lat' dir='ltr'>entitatem</span> <span class='ocrx_word' id='word_1_23' title='bbox 624 774 797 854; x_wconf 87' lang='lat' dir='ltr'>positivam</span> <span class='ocrx_word' id='word_1_24' title='bbox 841 775 1109 837; x_wconf 84' lang='lat' dir='ltr'>determinantem</span> 
     </span>
     <span class='ocr_line' id='line_1_6' title="bbox 145 880 1110 962; baseline 0.001 -20"><span class='ocrx_word' id='word_1_25' title='bbox 145 890 300 943; x_wconf 91' lang='lat' dir='ltr'>naturam</span> <span class='ocrx_word' id='word_1_26' title='bbox 323 880 366 942; x_wconf 91' lang='lat' dir='ltr'>ad</span> <span class='ocrx_word' id='word_1_27' title='bbox 379 880 426 941; x_wconf 89' lang='lat' dir='ltr'>sui</span> <span class='ocrx_word' id='word_1_28' title='bbox 439 880 706 960; x_wconf 85' lang='lat' dir='ltr'>singularitatem,</span> <span class='ocrx_word' id='word_1_29' title='bbox 731 889 763 942; x_wconf 90' lang='lat' dir='ltr'>et</span> <span class='ocrx_word' id='word_1_30' title='bbox 786 890 893 962; x_wconf 90' lang='lat' dir='ltr'>potest</span> <span class='ocrx_word' id='word_1_31' title='bbox 910 881 972 942; x_wconf 91' lang='lat' dir='ltr'>dici</span> <span class='ocrx_word' id='word_1_32' title='bbox 989 882 1110 962; x_wconf 85' lang='lat' dir='ltr'>gradus</span> 
     </span>
     <span class='ocr_line' id='line_1_7' title="bbox 145 985 1110 1069; baseline 0.001 -21"><span class='ocrx_word' id='word_1_33' title='bbox 145 988 340 1051; x_wconf 91' lang='lat' dir='ltr'>intrinsecus</span> <span class='ocrx_word' id='word_1_34' title='bbox 364 995 498 1048; x_wconf 89' lang='lat' dir='ltr'>naturae.</span> <span class='ocrx_word' id='word_1_35' title='bbox 523 986 588 1048; x_wconf 91' lang='lat' dir='ltr'>Ista</span> <span class='ocrx_word' id='word_1_36' title='bbox 612 985 785 1050; x_wconf 87' lang='lat' dir='ltr'>Conclusio</span> <span class='ocrx_word' id='word_1_37' title='bbox 809 988 964 1069; x_wconf 92' lang='lat' dir='ltr'>probatur</span> <span class='ocrx_word' id='word_1_38' title='bbox 987 988 1048 1050; x_wconf 87' lang='lat' dir='ltr'>sic:</span> <span class='ocrx_word' id='word_1_39' title='bbox 1073 989 1110 1050; x_wconf 91' lang='lat' dir='ltr'>si·</span> 
     </span>
     <span class='ocr_line' id='line_1_8' title="bbox 145 1092 1109 1176; baseline -0.001 -19"><span class='ocrx_word' id='word_1_40' title='bbox 145 1107 200 1157; x_wconf 92' lang='lat' dir='ltr'>cut</span> <span class='ocrx_word' id='word_1_41' title='bbox 225 1094 335 1156; x_wconf 90' lang='lat' dir='ltr'>unitas</span> <span class='ocrx_word' id='word_1_42' title='bbox 358 1094 391 1154; x_wconf 91' lang='lat' dir='ltr'>in</span> <span class='ocrx_word' id='word_1_43' title='bbox 414 1092 582 1154; x_wconf 91' lang='lat' dir='ltr'>communi</span> <span class='ocrx_word' id='word_1_44' title='bbox 606 1094 814 1174; x_wconf 89' lang='lat' dir='ltr'>consequitur</span> <span class='ocrx_word' id='word_1_45' title='bbox 838 1115 894 1176; x_wconf 90' lang='lat' dir='ltr'>per</span> <span class='ocrx_word' id='word_1_46' title='bbox 918 1115 951 1156; x_wconf 90' lang='lat' dir='ltr'>se</span> <span class='ocrx_word' id='word_1_47' title='bbox 967 1094 1109 1175; x_wconf 93' lang='lat' dir='ltr'>aliquam</span> 
     </span>
     <span class='ocr_line' id='line_1_9' title="bbox 144 1199 1110 1282; baseline -0.001 -19"><span class='ocrx_word' id='word_1_48' title='bbox 144 1202 328 1274; x_wconf 89' lang='lat' dir='ltr'>entitatem,</span> <span class='ocrx_word' id='word_1_49' title='bbox 353 1199 397 1261; x_wconf 92' lang='lat' dir='ltr'>sic</span> <span class='ocrx_word' id='word_1_50' title='bbox 421 1199 527 1261; x_wconf 89' lang='lat' dir='ltr'>unitas</span> <span class='ocrx_word' id='word_1_51' title='bbox 549 1199 753 1262; x_wconf 90' lang='lat' dir='ltr'>individualis</span> <span class='ocrx_word' id='word_1_52' title='bbox 776 1201 983 1282; x_wconf 87' lang='lat' dir='ltr'>consequitur</span> <span class='ocrx_word' id='word_1_53' title='bbox 999 1221 1056 1281; x_wconf 92' lang='lat' dir='ltr'>per</span> <span class='ocrx_word' id='word_1_54' title='bbox 1076 1221 1110 1263; x_wconf 89' lang='lat' dir='ltr'>se</span> 
     </span>
     <span class='ocr_line' id='line_1_10' title="bbox 145 1307 1109 1388; baseline 0.001 -19"><span class='ocrx_word' id='word_1_55' title='bbox 145 1309 334 1382; x_wconf 89' lang='lat' dir='ltr'>entitatem;</span> <span class='ocrx_word' id='word_1_56' title='bbox 359 1307 415 1368; x_wconf 90' lang='lat' dir='ltr'>sed</span> <span class='ocrx_word' id='word_1_57' title='bbox 439 1327 504 1368; x_wconf 93' lang='lat' dir='ltr'>non</span> <span class='ocrx_word' id='word_1_58' title='bbox 517 1307 726 1388; x_wconf 88' lang='lat' dir='ltr'>consequitur</span> <span class='ocrx_word' id='word_1_59' title='bbox 750 1327 853 1387; x_wconf 88' lang='lat' dir='ltr'>perse</span> <span class='ocrx_word' id='word_1_60' title='bbox 871 1308 1037 1369; x_wconf 88' lang='lat' dir='ltr'>entitatem</span> <span class='ocrx_word' id='word_1_61' title='bbox 1053 1328 1109 1370; x_wconf 93' lang='lat' dir='ltr'>na-</span> 
     </span>
     <span class='ocr_line' id='line_1_11' title="bbox 145 1413 1107 1495; baseline -0.001 -18"><span class='ocrx_word' id='word_1_62' title='bbox 145 1424 240 1488; x_wconf 87' lang='lat' dir='ltr'>turae,</span> <span class='ocrx_word' id='word_1_63' title='bbox 254 1413 332 1495; x_wconf 90' lang='lat' dir='ltr'>quia</span> <span class='ocrx_word' id='word_1_64' title='bbox 347 1421 471 1475; x_wconf 84' lang='lat' dir='ltr'>naturae</span> <span class='ocrx_word' id='word_1_65' title='bbox 483 1421 532 1474; x_wconf 90' lang='lat' dir='ltr'>est</span> <span class='ocrx_word' id='word_1_66' title='bbox 545 1413 675 1495; x_wconf 90' lang='lat' dir='ltr'>propria</span> <span class='ocrx_word' id='word_1_67' title='bbox 687 1414 793 1476; x_wconf 90' lang='lat' dir='ltr'>unitas</span> <span class='ocrx_word' id='word_1_68' title='bbox 805 1413 897 1476; x_wconf 91' lang='lat' dir='ltr'>realis</span> <span class='ocrx_word' id='word_1_69' title='bbox 908 1435 958 1475; x_wconf 79' lang='lat' dir='ltr'>ex.</span> <span class='ocrx_word' id='word_1_70' title='bbox 974 1433 1002 1476; x_wconf 87' lang='lat' dir='ltr'>l.</span> <span class='ocrx_word' id='word_1_71' title='bbox 1016 1414 1107 1487; x_wconf 70' lang='lat' dir='ltr'>Art„-</span> 
     </span>
     <span class='ocr_line' id='line_1_12' title="bbox 144 1518 1108 1602; baseline 0 -19"><span class='ocrx_word' id='word_1_72' title='bbox 144 1542 225 1602; x_wconf 87' lang='lat' dir='ltr'>ergo</span> <span class='ocrx_word' id='word_1_73' title='bbox 246 1519 455 1600; x_wconf 88' lang='lat' dir='ltr'>consequitur</span> <span class='ocrx_word' id='word_1_74' title='bbox 479 1518 622 1600; x_wconf 86' lang='lat' dir='ltr'>aliquam</span> <span class='ocrx_word' id='word_1_75' title='bbox 646 1520 814 1582; x_wconf 90' lang='lat' dir='ltr'>entitatem</span> <span class='ocrx_word' id='word_1_76' title='bbox 839 1521 1108 1583; x_wconf 86' lang='lat' dir='ltr'>determinantem</span> 
     </span>
     <span class='ocr_line' id='line_1_13' title="bbox 144 1625 1106 1707; baseline 0.001 -19"><span class='ocrx_word' id='word_1_77' title='bbox 144 1628 234 1690; x_wconf 90' lang='lat' dir='ltr'>illam</span> <span class='ocrx_word' id='word_1_78' title='bbox 247 1636 281 1688; x_wconf 90' lang='lat' dir='ltr'>et</span> <span class='ocrx_word' id='word_1_79' title='bbox 303 1627 364 1687; x_wconf 89' lang='lat' dir='ltr'>ista</span> <span class='ocrx_word' id='word_1_80' title='bbox 387 1625 482 1688; x_wconf 85' lang='lat' dir='ltr'>faciet</span> <span class='ocrx_word' id='word_1_81' title='bbox 493 1646 550 1707; x_wconf 90' lang='lat' dir='ltr'>per</span> <span class='ocrx_word' id='word_1_82' title='bbox 573 1647 607 1688; x_wconf 92' lang='lat' dir='ltr'>se</span> <span class='ocrx_word' id='word_1_83' title='bbox 621 1647 723 1687; x_wconf 91' lang='lat' dir='ltr'>unum</span> <span class='ocrx_word' id='word_1_84' title='bbox 737 1647 812 1688; x_wconf 92' lang='lat' dir='ltr'>cum</span> <span class='ocrx_word' id='word_1_85' title='bbox 825 1627 958 1689; x_wconf 88' lang='lat' dir='ltr'>entitate</span> <span class='ocrx_word' id='word_1_86' title='bbox 973 1637 1106 1690; x_wconf 83' lang='lat' dir='ltr'>naturae.</span> 
     </span>
     <span class='ocr_line' id='line_1_14' title="bbox 145 1732 1109 1797; baseline 0 -1"><span class='ocrx_word' id='word_1_87' title='bbox 145 1734 295 1797; x_wconf 79' lang='lat' dir='ltr'>Secundo</span> <span class='ocrx_word' id='word_1_88' title='bbox 318 1733 372 1793; x_wconf 89' lang='lat' dir='ltr'>sic:</span> <span class='ocrx_word' id='word_1_89' title='bbox 407 1732 516 1794; x_wconf 86' lang='lat' dir='ltr'>omnis</span> <span class='ocrx_word' id='word_1_90' title='bbox 548 1732 727 1795; x_wconf 88' lang='lat' dir='ltr'>differentia</span> <span class='ocrx_word' id='word_1_91' title='bbox 762 1732 977 1796; x_wconf 85' lang='lat' dir='ltr'>differentium</span> <span class='ocrx_word' id='word_1_92' title='bbox 1013 1734 1109 1796; x_wconf 91' lang='lat' dir='ltr'>redu-</span> 
     </span>
     <span class='ocr_line' id='line_1_15' title="bbox 143 1838 1105 1921; baseline 0.002 -20"><span class='ocrx_word' id='word_1_93' title='bbox 143 1841 228 1901; x_wconf 90' lang='lat' dir='ltr'>citur</span> <span class='ocrx_word' id='word_1_94' title='bbox 252 1839 295 1900; x_wconf 92' lang='lat' dir='ltr'>ad</span> <span class='ocrx_word' id='word_1_95' title='bbox 318 1839 426 1919; x_wconf 89' lang='lat' dir='ltr'>aliqua</span> <span class='ocrx_word' id='word_1_96' title='bbox 441 1838 548 1920; x_wconf 92' lang='lat' dir='ltr'>primo</span> <span class='ocrx_word' id='word_1_97' title='bbox 560 1840 695 1913; x_wconf 92' lang='lat' dir='ltr'>diversa;</span> <span class='ocrx_word' id='word_1_98' title='bbox 720 1840 776 1900; x_wconf 86' lang='lat' dir='ltr'>sed</span> <span class='ocrx_word' id='word_1_99' title='bbox 789 1839 956 1901; x_wconf 90' lang='lat' dir='ltr'>individua</span> <span class='ocrx_word' id='word_1_100' title='bbox 976 1840 1105 1921; x_wconf 87' lang='lat' dir='ltr'>proprie</span> 
     </span>
     <span class='ocr_line' id='line_1_16' title="bbox 144 1944 1108 2028; baseline 0.001 -20"><span class='ocrx_word' id='word_1_101' title='bbox 144 1946 310 2021; x_wconf 79' lang='lat' dir='ltr'>differunt;</span> <span class='ocrx_word' id='word_1_102' title='bbox 335 1965 414 2026; x_wconf 86' lang='lat' dir='ltr'>ergo</span> <span class='ocrx_word' id='word_1_103' title='bbox 437 1965 551 2006; x_wconf 93' lang='lat' dir='ltr'>eorum</span> <span class='ocrx_word' id='word_1_104' title='bbox 576 1944 754 2006; x_wconf 87' lang='lat' dir='ltr'>differentia</span> <span class='ocrx_word' id='word_1_105' title='bbox 768 1947 930 2009; x_wconf 87' lang='lat' dir='ltr'>reducitur</span> <span class='ocrx_word' id='word_1_106' title='bbox 943 1948 984 2008; x_wconf 92' lang='lat' dir='ltr'>ad</span> <span class='ocrx_word' id='word_1_107' title='bbox 1001 1948 1108 2028; x_wconf 90' lang='lat' dir='ltr'>aliqua</span> 
     </span>
     <span class='ocr_line' id='line_1_17' title="bbox 144 2051 1108 2134; baseline 0.003 -21"><span class='ocrx_word' id='word_1_108' title='bbox 144 2053 254 2134; x_wconf 89' lang='lat' dir='ltr'>primo</span> <span class='ocrx_word' id='word_1_109' title='bbox 279 2051 412 2113; x_wconf 90' lang='lat' dir='ltr'>diversa.</span> <span class='ocrx_word' id='word_1_110' title='bbox 438 2051 504 2115; x_wconf 84' lang='lat' dir='ltr'>Sed</span> <span class='ocrx_word' id='word_1_111' title='bbox 527 2052 588 2113; x_wconf 88' lang='lat' dir='ltr'>ista</span> <span class='ocrx_word' id='word_1_112' title='bbox 611 2052 717 2133; x_wconf 89' lang='lat' dir='ltr'>primo</span> <span class='ocrx_word' id='word_1_113' title='bbox 741 2053 866 2115; x_wconf 88' lang='lat' dir='ltr'>diversa</span> <span class='ocrx_word' id='word_1_114' title='bbox 879 2074 943 2116; x_wconf 92' lang='lat' dir='ltr'>non</span> <span class='ocrx_word' id='word_1_115' title='bbox 956 2063 1032 2116; x_wconf 90' lang='lat' dir='ltr'>sunt</span> <span class='ocrx_word' id='word_1_116' title='bbox 1052 2074 1108 2116; x_wconf 90' lang='lat' dir='ltr'>na·</span> 
     </span>
     <span class='ocr_line' id='line_1_18' title="bbox 143 2157 1107 2239; baseline 0 -18"><span class='ocrx_word' id='word_1_117' title='bbox 143 2168 218 2221; x_wconf 90' lang='lat' dir='ltr'>tura</span> <span class='ocrx_word' id='word_1_118' title='bbox 242 2159 276 2219; x_wconf 91' lang='lat' dir='ltr'>in</span> <span class='ocrx_word' id='word_1_119' title='bbox 299 2157 353 2219; x_wconf 92' lang='lat' dir='ltr'>illo</span> <span class='ocrx_word' id='word_1_120' title='bbox 376 2166 408 2219; x_wconf 92' lang='lat' dir='ltr'>et</span> <span class='ocrx_word' id='word_1_121' title='bbox 431 2157 463 2219; x_wconf 91' lang='lat' dir='ltr'>in</span> <span class='ocrx_word' id='word_1_122' title='bbox 487 2158 559 2231; x_wconf 85' lang='lat' dir='ltr'>isto,</span> <span class='ocrx_word' id='word_1_123' title='bbox 584 2158 661 2239; x_wconf 93' lang='lat' dir='ltr'>quia</span> <span class='ocrx_word' id='word_1_124' title='bbox 684 2179 750 2220; x_wconf 91' lang='lat' dir='ltr'>non</span> <span class='ocrx_word' id='word_1_125' title='bbox 774 2159 806 2220; x_wconf 91' lang='lat' dir='ltr'>in</span> <span class='ocrx_word' id='word_1_126' title='bbox 820 2161 936 2222; x_wconf 90' lang='lat' dir='ltr'>eodem</span> <span class='ocrx_word' id='word_1_127' title='bbox 956 2161 1107 2223; x_wconf 89' lang='lat' dir='ltr'>conveni-</span> 
     </span>
     <span class='ocr_line' id='line_1_19' title="bbox 144 2264 1107 2349; baseline 0.001 -21"><span class='ocrx_word' id='word_1_128' title='bbox 144 2274 205 2328; x_wconf 90' lang='lat' dir='ltr'>unt</span> <span class='ocrx_word' id='word_1_129' title='bbox 229 2264 338 2345; x_wconf 90' lang='lat' dir='ltr'>aliqua</span> <span class='ocrx_word' id='word_1_130' title='bbox 361 2273 393 2326; x_wconf 90' lang='lat' dir='ltr'>et</span> <span class='ocrx_word' id='word_1_131' title='bbox 416 2264 583 2340; x_wconf 73' lang='lat' dir='ltr'>differunt,</span> <span class='ocrx_word' id='word_1_132' title='bbox 608 2286 687 2347; x_wconf 88' lang='lat' dir='ltr'>ergo</span> <span class='ocrx_word' id='word_1_133' title='bbox 711 2275 841 2347; x_wconf 79' lang='lat' dir='ltr'>oportet</span> <span class='ocrx_word' id='word_1_134' title='bbox 865 2276 900 2329; x_wconf 90' lang='lat' dir='ltr'>ut</span> <span class='ocrx_word' id='word_1_135' title='bbox 924 2268 963 2329; x_wconf 89' lang='lat' dir='ltr'>sit</span> <span class='ocrx_word' id='word_1_136' title='bbox 986 2267 1107 2349; x_wconf 91' lang='lat' dir='ltr'>aliquid</span> 
     </span>
     <span class='ocr_line' id='line_1_20' title="bbox 142 2370 1106 2453; baseline 0.004 -21"><span class='ocrx_word' id='word_1_137' title='bbox 142 2372 243 2433; x_wconf 87' lang='lat' dir='ltr'>aliud.</span> <span class='ocrx_word' id='word_1_138' title='bbox 270 2370 334 2434; x_wconf 87' lang='lat' dir='ltr'>Sed</span> <span class='ocrx_word' id='word_1_139' title='bbox 358 2391 423 2433; x_wconf 94' lang='lat' dir='ltr'>non</span> <span class='ocrx_word' id='word_1_140' title='bbox 448 2380 584 2453; x_wconf 88' lang='lat' dir='ltr'>possunt</span> <span class='ocrx_word' id='word_1_141' title='bbox 596 2392 664 2433; x_wconf 88' lang='lat' dir='ltr'>esse</span> <span class='ocrx_word' id='word_1_142' title='bbox 677 2373 884 2453; x_wconf 84' lang='lat' dir='ltr'>negationem</span> <span class='ocrx_word' id='word_1_143' title='bbox 901 2395 944 2435; x_wconf 87' lang='lat' dir='ltr'>ex</span> <span class='ocrx_word' id='word_1_144' title='bbox 963 2393 993 2438; x_wconf 86' lang='lat'>2.</span> <span class='ocrx_word' id='word_1_145' title='bbox 1014 2375 1106 2447; x_wconf 57' lang='lat' dir='ltr'>Art,</span> 
     </span>
     <span class='ocr_line' id='line_1_21' title="bbox 143 2477 1108 2559; baseline 0.002 -19"><span class='ocrx_word' id='word_1_146' title='bbox 143 2499 205 2540; x_wconf 90' lang='lat' dir='ltr'>nec</span> <span class='ocrx_word' id='word_1_147' title='bbox 228 2477 393 2559; x_wconf 88' lang='lat' dir='ltr'>quantitas</span> <span class='ocrx_word' id='word_1_148' title='bbox 408 2477 474 2539; x_wconf 91' lang='lat' dir='ltr'>sive</span> <span class='ocrx_word' id='word_1_149' title='bbox 490 2478 668 2540; x_wconf 86' lang='lat' dir='ltr'>accidentia</span> <span class='ocrx_word' id='word_1_150' title='bbox 694 2500 735 2540; x_wconf 79' lang='lat' dir='ltr'>ex</span> <span class='ocrx_word' id='word_1_151' title='bbox 756 2497 809 2557; x_wconf 65' lang='grc'>3.,</span> <span class='ocrx_word' id='word_1_152' title='bbox 837 2500 896 2542; x_wconf 90' lang='lat' dir='ltr'>nec</span> <span class='ocrx_word' id='word_1_153' title='bbox 910 2481 1043 2542; x_wconf 89' lang='lat' dir='ltr'>materia</span> <span class='ocrx_word' id='word_1_154' title='bbox 1066 2502 1108 2542; x_wconf 75' lang='lat' dir='ltr'>ex</span> 
     </span>
     <span class='ocr_line' id='line_1_22' title="bbox 141 2583 1106 2668; baseline 0.004 -23"><span class='ocrx_word' id='word_1_155' title='bbox 141 2604 175 2668; x_wconf 84' lang='lat'>4.</span> <span class='ocrx_word' id='word_1_156' title='bbox 200 2583 369 2656; x_wconf 55' lang='lat' dir='ltr'>artimus·</span> <span class='ocrx_word' id='word_1_157' title='bbox 393 2604 472 2666; x_wconf 86' lang='lat' dir='ltr'>ergo</span> <span class='ocrx_word' id='word_1_158' title='bbox 484 2593 578 2646; x_wconf 89' lang='lat' dir='ltr'>erunt</span> <span class='ocrx_word' id='word_1_159' title='bbox 590 2585 707 2665; x_wconf 81' lang='lat' dir='ltr'>aliquae</span> <span class='ocrx_word' id='word_1_160' title='bbox 724 2586 873 2648; x_wconf 88' lang='lat' dir='ltr'>entitates</span> <span class='ocrx_word' id='word_1_161' title='bbox 890 2587 1036 2667; x_wconf 86' lang='lat' dir='ltr'>positivae</span> <span class='ocrx_word' id='word_1_162' title='bbox 1050 2608 1106 2668; x_wconf 89' lang='lat' dir='ltr'>per</span> 
     </span>
     <span class='ocr_line' id='line_1_23' title="bbox 143 2689 1105 2774; baseline 0.002 -21"><span class='ocrx_word' id='word_1_163' title='bbox 143 2712 178 2753; x_wconf 90' lang='lat' dir='ltr'>se</span> <span class='ocrx_word' id='word_1_164' title='bbox 209 2689 461 2752; x_wconf 88' lang='lat' dir='ltr'>determinantes</span> <span class='ocrx_word' id='word_1_165' title='bbox 500 2700 660 2766; x_wconf 87' lang='lat' dir='ltr'>naturam,</span> <span class='ocrx_word' id='word_1_166' title='bbox 696 2692 786 2771; x_wconf 92' lang='lat' dir='ltr'>quod</span> <span class='ocrx_word' id='word_1_167' title='bbox 820 2702 868 2754; x_wconf 89' lang='lat' dir='ltr'>est</span> <span class='ocrx_word' id='word_1_168' title='bbox 892 2695 1105 2774; x_wconf 86' lang='lat' dir='ltr'>propositum.</span> 
     </span>
    </p>
   </div>
   <div class='ocr_carea' id='block_1_3' title="bbox 149 2796 1212 2880">
    <p class='ocr_par' dir='ltr' id='par_1_4' title="bbox 149 2796 1212 2880">
     <span class='ocr_line' id='line_1_24' title="bbox 149 2796 1212 2880; baseline 0.003 -21"><span class='ocrx_word' id='word_1_169' title='bbox 149 2797 256 2859; x_wconf 81' lang='lat' dir='ltr'>Tertio</span> <span class='ocrx_word' id='word_1_170' title='bbox 278 2797 332 2858; x_wconf 91' lang='lat' dir='ltr'>sic:</span> <span class='ocrx_word' id='word_1_171' title='bbox 357 2797 440 2858; x_wconf 91' lang='lat' dir='ltr'>sicut</span> <span class='ocrx_word' id='word_1_172' title='bbox 463 2817 496 2858; x_wconf 90' lang='lat' dir='ltr'>se</span> <span class='ocrx_word' id='word_1_173' title='bbox 520 2796 619 2859; x_wconf 87' lang='lat' dir='ltr'>habet</span> <span class='ocrx_word' id='word_1_174' title='bbox 642 2807 758 2860; x_wconf 88' lang='lat' dir='ltr'>natura</span> <span class='ocrx_word' id='word_1_175' title='bbox 771 2800 896 2880; x_wconf 78' lang='lat' dir='ltr'>generis</span> <span class='ocrx_word' id='word_1_176' title='bbox 908 2801 949 2860; x_wconf 88' lang='lat' dir='ltr'>ad</span> <span class='ocrx_word' id='word_1_177' title='bbox 963 2800 1107 2862; x_wconf 86' lang='lat' dir='ltr'>differen-</span> <span class='ocrx_word' id='word_1_178' title='bbox 1210 2828 1212 2833; x_wconf 95' lang='lat'><em>·</em></span> 
     </span>
    </p>
   </div>
   <div class='ocr_carea' id='block_1_4' title="bbox 140 2901 1107 3733">
    <p class='ocr_par' dir='ltr' id='par_1_5' title="bbox 141 2901 1107 3198">
     <span class='ocr_line' id='line_1_25' title="bbox 142 2901 1106 2984; baseline 0.001 -19"><span class='ocrx_word' id='word_1_179' title='bbox 142 2904 224 2966; x_wconf 89' lang='lat' dir='ltr'>tiam</span> <span class='ocrx_word' id='word_1_180' title='bbox 249 2901 444 2983; x_wconf 87' lang='lat' dir='ltr'>specificam,</span> <span class='ocrx_word' id='word_1_181' title='bbox 468 2903 512 2965; x_wconf 88' lang='lat' dir='ltr'>sic</span> <span class='ocrx_word' id='word_1_182' title='bbox 536 2904 700 2984; x_wconf 89' lang='lat' dir='ltr'>quidditas</span> <span class='ocrx_word' id='word_1_183' title='bbox 723 2905 765 2966; x_wconf 90' lang='lat' dir='ltr'>ad</span> <span class='ocrx_word' id='word_1_184' title='bbox 789 2905 1001 2968; x_wconf 86' lang='lat' dir='ltr'>differentiam</span> <span class='ocrx_word' id='word_1_185' title='bbox 1025 2907 1106 2967; x_wconf 92' lang='lat' dir='ltr'>indi-</span> 
     </span>
     <span class='ocr_line' id='line_1_26' title="bbox 141 3010 1107 3094; baseline 0.003 -22"><span class='ocrx_word' id='word_1_186' title='bbox 141 3010 317 3084; x_wconf 88' lang='lat' dir='ltr'>vidualem;</span> <span class='ocrx_word' id='word_1_187' title='bbox 342 3010 398 3071; x_wconf 89' lang='lat' dir='ltr'>sed</span> <span class='ocrx_word' id='word_1_188' title='bbox 422 3019 537 3072; x_wconf 88' lang='lat' dir='ltr'>natura</span> <span class='ocrx_word' id='word_1_189' title='bbox 560 3011 686 3092; x_wconf 84' lang='lat' dir='ltr'>generis</span> <span class='ocrx_word' id='word_1_190' title='bbox 709 3012 910 3074; x_wconf 90' lang='lat' dir='ltr'>contrahitur</span> <span class='ocrx_word' id='word_1_191' title='bbox 926 3023 927 3028; x_wconf 76' lang='grc'>’</span> <span class='ocrx_word' id='word_1_192' title='bbox 935 3034 991 3094; x_wconf 90' lang='lat' dir='ltr'>per</span> <span class='ocrx_word' id='word_1_193' title='bbox 1020 3013 1107 3075; x_wconf 86' lang='lat' dir='ltr'>diffe-</span> 
     </span>
     <span class='ocr_line' id='line_1_27' title="bbox 141 3115 605 3198; baseline 0 -20"><span class='ocrx_word' id='word_1_194' title='bbox 141 3116 281 3180; x_wconf 90' lang='lat' dir='ltr'>rentiam</span> <span class='ocrx_word' id='word_1_195' title='bbox 304 3115 499 3197; x_wconf 87' lang='lat' dir='ltr'>specificam;</span> <span class='ocrx_word' id='word_1_196' title='bbox 516 3137 605 3198; x_wconf 88' lang='lat' dir='ltr'>ergo.</span> 
     </span>
    </p>

    <p class='ocr_par' dir='ltr' id='par_1_6' title="bbox 140 3221 1107 3733">
     <span class='ocr_line' id='line_1_28' title="bbox 186 3221 1106 3305; baseline 0.004 -21"><span class='ocrx_word' id='word_1_197' title='bbox 186 3285 192 3294; x_wconf 71' lang='grc'>,</span> <span class='ocrx_word' id='word_1_198' title='bbox 211 3221 358 3285; x_wconf 82' lang='lat' dir='ltr'>Secundo</span> <span class='ocrx_word' id='word_1_199' title='bbox 381 3231 510 3304; x_wconf 91' lang='lat' dir='ltr'>oportet</span> <span class='ocrx_word' id='word_1_200' title='bbox 533 3223 627 3286; x_wconf 90' lang='lat' dir='ltr'>istam</span> <span class='ocrx_word' id='word_1_201' title='bbox 651 3224 838 3305; x_wconf 89' lang='lat' dir='ltr'>opinionem</span> <span class='ocrx_word' id='word_1_202' title='bbox 863 3226 1024 3288; x_wconf 90' lang='lat' dir='ltr'>declarare</span> <span class='ocrx_word' id='word_1_203' title='bbox 1041 3247 1106 3288; x_wconf 88' lang='lat' dir='ltr'>ma·</span> 
     </span>
     <span class='ocr_line' id='line_1_29' title="bbox 140 3328 1105 3412; baseline 0.004 -22"><span class='ocrx_word' id='word_1_204' title='bbox 140 3329 232 3391; x_wconf 87' lang='lat' dir='ltr'>xime</span> <span class='ocrx_word' id='word_1_205' title='bbox 256 3349 332 3410; x_wconf 84' lang='lat' dir='ltr'>quae</span> <span class='ocrx_word' id='word_1_206' title='bbox 356 3328 397 3390; x_wconf 89' lang='lat' dir='ltr'>sit</span> <span class='ocrx_word' id='word_1_207' title='bbox 430 3328 490 3390; x_wconf 87' lang='lat' dir='ltr'>ista</span> <span class='ocrx_word' id='word_1_208' title='bbox 524 3330 640 3391; x_wconf 90' lang='lat' dir='ltr'>entitas</span> <span class='ocrx_word' id='word_1_209' title='bbox 663 3352 682 3392; x_wconf 92' lang='lat' dir='ltr'>a</span> <span class='ocrx_word' id='word_1_210' title='bbox 706 3352 771 3412; x_wconf 92' lang='lat' dir='ltr'>qua</span> <span class='ocrx_word' id='word_1_211' title='bbox 794 3332 834 3393; x_wconf 89' lang='lat' dir='ltr'>sit</span> <span class='ocrx_word' id='word_1_212' title='bbox 858 3333 964 3394; x_wconf 90' lang='lat' dir='ltr'>unitas</span> <span class='ocrx_word' id='word_1_213' title='bbox 992 3332 1105 3394; x_wconf 91' lang='lat' dir='ltr'>indivi-</span> 
     </span>
     <span class='ocr_line' id='line_1_30' title="bbox 140 3434 1107 3521; baseline 0.004 -24"><span class='ocrx_word' id='word_1_214' title='bbox 140 3434 256 3498; x_wconf 74' lang='lat' dir='ltr'>dualis</span> <span class='ocrx_word' id='word_1_215' title='bbox 283 3435 328 3496; x_wconf 92' lang='lat' dir='ltr'>Et</span> <span class='ocrx_word' id='word_1_216' title='bbox 351 3443 399 3496; x_wconf 88' lang='lat' dir='ltr'>cst</span> <span class='ocrx_word' id='word_1_217' title='bbox 427 3435 594 3497; x_wconf 91' lang='lat' dir='ltr'>sciendum</span> <span class='ocrx_word' id='word_1_218' title='bbox 618 3437 708 3518; x_wconf 93' lang='lat' dir='ltr'>quod</span> <span class='ocrx_word' id='word_1_219' title='bbox 732 3438 814 3499; x_wconf 91' lang='lat' dir='ltr'>sicut</span> <span class='ocrx_word' id='word_1_220' title='bbox 838 3438 1014 3500; x_wconf 86' lang='lat' dir='ltr'>differentia</span> <span class='ocrx_word' id='word_1_221' title='bbox 1038 3461 1107 3521; x_wconf 90' lang='lat' dir='ltr'>spe·</span> 
     </span>
     <span class='ocr_line' id='line_1_31' title="bbox 140 3540 1106 3624; baseline 0.005 -21"><span class='ocrx_word' id='word_1_222' title='bbox 140 3540 233 3604; x_wconf 90' lang='lat' dir='ltr'>cifica</span> <span class='ocrx_word' id='word_1_223' title='bbox 256 3549 366 3624; x_wconf 88' lang='lat' dir='ltr'>potest</span> <span class='ocrx_word' id='word_1_224' title='bbox 390 3542 570 3621; x_wconf 86' lang='lat' dir='ltr'>comparari</span> <span class='ocrx_word' id='word_1_225' title='bbox 593 3543 643 3604; x_wconf 93' lang='lat' dir='ltr'>vel</span> <span class='ocrx_word' id='word_1_226' title='bbox 668 3543 710 3604; x_wconf 90' lang='lat' dir='ltr'>ad</span> <span class='ocrx_word' id='word_1_227' title='bbox 733 3543 812 3605; x_wconf 91' lang='lat' dir='ltr'>illud</span> <span class='ocrx_word' id='word_1_228' title='bbox 836 3545 925 3624; x_wconf 91' lang='lat' dir='ltr'>quod</span> <span class='ocrx_word' id='word_1_229' title='bbox 949 3555 996 3607; x_wconf 92' lang='lat' dir='ltr'>est</span> <span class='ocrx_word' id='word_1_230' title='bbox 1025 3545 1106 3608; x_wconf 84' lang='lat' dir='ltr'>inira</span> 
     </span>
     <span class='ocr_line' id='line_1_32' title="bbox 140 3647 1105 3733; baseline 0.005 -23"><span class='ocrx_word' id='word_1_231' title='bbox 140 3669 183 3722; x_wconf 89' lang='lat' dir='ltr'>se,</span> <span class='ocrx_word' id='word_1_232' title='bbox 208 3648 259 3710; x_wconf 86' lang='lat' dir='ltr'>vel</span> <span class='ocrx_word' id='word_1_233' title='bbox 284 3647 327 3709; x_wconf 90' lang='lat' dir='ltr'>ad</span> <span class='ocrx_word' id='word_1_234' title='bbox 352 3647 432 3709; x_wconf 94' lang='lat' dir='ltr'>illud</span> <span class='ocrx_word' id='word_1_235' title='bbox 455 3648 543 3727; x_wconf 89' lang='lat' dir='ltr'>quod</span> <span class='ocrx_word' id='word_1_236' title='bbox 566 3657 615 3710; x_wconf 93' lang='lat' dir='ltr'>est</span> <span class='ocrx_word' id='word_1_237' title='bbox 627 3669 724 3730; x_wconf 91' lang='lat' dir='ltr'>supra</span> <span class='ocrx_word' id='word_1_238' title='bbox 748 3670 790 3723; x_wconf 90' lang='lat' dir='ltr'>se,</span> <span class='ocrx_word' id='word_1_239' title='bbox 808 3651 857 3712; x_wconf 90' lang='lat' dir='ltr'>vel</span> <span class='ocrx_word' id='word_1_240' title='bbox 871 3651 912 3712; x_wconf 92' lang='lat' dir='ltr'>ad</span> <span class='ocrx_word' id='word_1_241' title='bbox 925 3651 1003 3713; x_wconf 93' lang='lat' dir='ltr'>illud</span> <span class='ocrx_word' id='word_1_242' title='bbox 1016 3654 1105 3733; x_wconf 92' lang='lat' dir='ltr'>quod</span> 
     </span>
    </p>
   </div>
   <div class='ocr_carea' id='block_1_5' title="bbox 0 0 1322 4267">
    <p class='ocr_par' dir='ltr' id='par_1_7' title="bbox 0 0 1322 4267">
     <span class='ocr_line' id='line_1_33' title="bbox 0 0 1322 4267; baseline 0 0"><span class='ocrx_word' id='word_1_243' title='bbox 0 0 1322 4267; x_wconf 95' lang='lat' dir='ltr'> </span> 
     </span>
    </p>
   </div>
  </div>
 </body>
</html>
