2634 4267
251 246 315 308 394
498 230 571 293 Lm.
597 232 626 293 ll
651 230 946 294 Senrsnrnmun

227 438 252 497 si
277 458 333 518 per
356 456 399 509 se,
424 445 457 499 et
479 434 703 498 defectibilitas
727 457 783 517 per
807 457 841 497 se
864 445 913 497 est
936 437 1165 499 involuntatea

229 544 301 605 Deo
325 552 403 605 uta
427 564 483 624 per
507 562 540 604 se
563 543 738 622 efficiente;
761 564 842 624 ergo
874 545 966 605 Deus
999 553 1044 605 est
1070 565 1119 625 per
1138 565 1166 605 se

226 670 322 713 causa
347 650 479 731 peccati.
509 648 742 730 Consequentia
765 650 923 731 probatur
951 671 1006 731 per
1032 650 1110 712 illam
1129 672 1165 711 re

227 758 356 839 gulam:
381 757 542 838 quidquid
564 766 613 819 est
640 777 698 839 per
732 777 766 818 se
800 777 898 818 causa
932 778 1037 819 causae
1058 767 1100 819 est
1119 778 1165 838 per

227 885 260 925 se
283 884 381 925 causa
404 864 537 925 causati.

299 968 419 1033 Contra
442 970 619 1033 secundam,
641 970 733 1033 viam
755 971 903 1052 arguitur
926 971 989 1032 sic:
1013 972 1083 1052 quia
1102 981 1167 1032 tunc

228 1087 399 1159 peccatum
424 1077 551 1139 videtur
574 1098 643 1139 esse
666 1078 811 1154 casuale;
829 1078 885 1139 sed
902 1079 1029 1140 casuale
1051 1088 1169 1140 nonest

228 1194 410 1267 peccatum.
435 1220 479 1231 -
502 1184 676 1255 Prceterea,
694 1186 846 1246 voluntas
862 1185 998 1265 praecise
1020 1186 1084 1246 vult
1104 1185 1170 1245 illud

229 1291 405 1373 positivum
429 1292 471 1353 ad
495 1292 585 1373 quod
608 1292 753 1373 sequitur
784 1292 837 1353 illa
870 1291 1066 1367 deformitas
1087 1302 1115 1353 et
1133 1290 1173 1352 sic

230 1421 295 1462 non
321 1400 424 1479 magis
448 1407 596 1479 peccaret
619 1418 720 1479 quam
744 1399 899 1465 voluntas
922 1399 1044 1461 divina.

299 1502 445 1571 Tertius
480 1502 616 1571 modus
651 1505 779 1567 dicendi
814 1514 862 1567 est
896 1506 987 1585 quod
1023 1514 1175 1587 peccatum

230 1634 295 1675 non
320 1613 418 1673 habet
441 1633 573 1673 causam
604 1588 797 1673 efficientem
832 1613 888 1674 sed
924 1612 1127 1684 deficientem,
1146 1621 1179 1671 et

229 1721 274 1782 sic
304 1720 455 1781 voluntas
489 1728 537 1780 est
571 1740 670 1780 causa
705 1719 827 1799 peccati
863 1718 1031 1781 defectiva.
1070 1717 1178 1800 Contr-

230 1836 342 1887 matur
363 1847 420 1907 per
444 1826 672 1907 Augustinum
697 1844 727 1908 7.
752 1826 792 1887 de
820 1826 910 1887 Trirz.
932 1826 988 1887 ubi
1012 1826 1079 1887 vult
1099 1825 1182 1905 quod

230 1942 404 2015 peccatum·
425 1953 491 1994 non
515 1933 555 1993 sit
578 1932 704 1995 effectio
727 1933 784 1995 sed
807 1931 954 2005 defectio
976 1953 1018 1994 ex
1042 1931 1182 2012 eoquod

230 2041 380 2102 voluntas
403 2039 559 2100 deseritur
582 2060 601 2100 a
626 2038 708 2112 De'0,
733 2047 766 2100 et
788 2049 881 2100 actus
905 2059 972 2100 non
1008 2040 1100 2101 habet
1120 2058 1182 2099 rec-

231 2147 414 2209 titudinem.

303 2252 432 2325 Contra,
457 2252 533 2335 quia
556 2274 599 2315 ex
623 2253 678 2315 tali
711 2252 892 2316 defectione
926 2253 1070 2333 sequitur
1099 2252 1182 2332 quod

233 2362 322 2423 Deus
345 2370 428 2422 esset
452 2381 548 2421 causa
573 2360 698 2439 peccati
722 2379 779 2440 per
814 2359 902 2421 illam
938 2359 1181 2441 propositionem

232 2467 420 2548 Philosophi
453 2486 483 2528 2.
509 2466 673 2547 Metapla:
708 2467 733 2529 si
768 2466 941 2547 praesentia
969 2465 1182 2548 gubernatoris

231 2584 279 2636 est
317 2595 414 2635 causa
452 2575 563 2635 salutis
598 2574 710 2647 navis,
747 2582 825 2635 tunc
860 2574 929 2653 ejus
967 2574 1109 2635 absentia
1140 2582 1184 2633 est

232 2702 329 2743 causa
353 2681 549 2762 perditionis,
574 2718 618 2727 -
643 2680 864 2743 Confirmatur
884 2701 941 2761 per
958 2679 1180 2761 Philosophum

232 2789 263 2850 in
288 2808 318 2849 J.
342 2789 446 2849 Post:
471 2788 503 2848 in
528 2787 632 2848 causis
657 2787 808 2868 praecisis,
826 2787 852 2847 si
872 2787 1004 2868 negatio
1027 2797 1075 2849 est
1097 2804 1182 2847 causa

233 2894 423 2976 negationis
448 2904 480 2956 et
503 2895 676 2955 affirmatio
711 2902 758 2955 est
782 2914 880 2955 causa
906 2894 1133 2966 affirmationis,
1154 2901 1181 2951 et

233 3001 452 3082 exemplificat
476 3002 519 3062 ibi
543 3002 583 3062 de
608 3003 764 3082 pulmone
787 3010 820 3062 et
844 3001 1062 3082 respiratione.

298 3104 384 3175 Ideo
407 3110 463 3174 est
484 3110 645 3193 qrrortus
668 3110 813 3175 modus*
833 3109 971 3181 dicendi,
996 3109 1086 3189 quod
1117 3124 1181 3187 pec-

233 3225 343 3277 catum
379 3215 478 3277 habet
513 3236 572 3296 pro
604 3236 700 3277 causa
735 3216 860 3277 bonum
894 3224 1052 3288 creatum,
1077 3212 1180 3277 scilicet

233 3323 437 3384 voluntatem
461 3340 535 3402 quae
553 3330 601 3383 est
617 3322 725 3384 totalis
746 3331 779 3383 et
802 3323 992 3383 immediata
1008 3343 1103 3383 causa
1122 3335 1178 3379 suae

233 3429 395 3490 volitionis
418 3429 514 3490 bonae
539 3429 605 3489 sive
630 3430 735 3502 malae,
760 3438 793 3490 et
817 3430 907 3491 Deus
942 3438 1089 3511 respectu
1110 3424 1177 3487 illius

235 3556 299 3596 non
325 3534 423 3595 habet
446 3536 589 3615 aliquam
624 3536 828 3596 efficientiam
864 3536 1097 3607 immediatam,
1121 3541 1177 3592 tum

233 3640 309 3717 quia
332 3639 422 3699 aliter
445 3639 596 3700 voluntas
619 3640 688 3721 ipsa
711 3662 777 3702 non
801 3651 886 3703 esset
907 3642 1008 3705 libera
1031 3643 1176 3723 quianon
