2634 4267
295 280 359 345 314
559 265 634 328 Lm.
659 265 690 327 11
714 264 1010 375 Snunpumnnun

269 470 427 553 tiplicatio
450 471 594 533 virorum
618 480 651 533 et
676 470 858 545 mulierum,
887 472 964 553 quia
988 492 1098 533 omnes
1118 492 1210 533 vacas-

270 587 342 641 sent
372 577 571 660 generationi
605 577 736 641 carnali.
761 577 794 641 Si
818 587 929 640 autem
966 599 1031 640 non
1055 577 1154 640 fuisset
1172 598 1209 639 ae·

269 685 374 767 qualis
397 684 631 766 multiplicatio,
655 694 734 746 tunc
758 684 807 747 vel
829 706 914 747 unus
937 684 1098 748 habuisset
1117 686 1210 766 plures

270 812 399 865 uxores,
423 792 473 853 vel
496 811 516 853 e
538 812 704 865 converse,
736 792 827 873 quod
862 790 973 854 fuisset
1003 791 1210 853 inconveniens

269 918 329 980 pro
353 898 407 959 illo
430 906 528 959 statu.

340 1002 471 1080 Quinta,
495 1005 585 1086 quod
608 1003 652 1066 ibi
676 1002 787 1066 luisset
809 1025 867 1085 per
890 1005 1053 1066 carnalem
1076 1003 1207 1085 copulam

268 1110 461 1193 virginitatis
484 1110 632 1185 amissio;
657 1131 723 1172 non
748 1119 858 1172 autem
875 1111 1021 1193 intelligo
1045 1132 1100 1192 per
1120 1109 1207 1190 vergi-

268 1217 376 1280 nitatis
399 1217 606 1279 amissionem
623 1217 913 1292 deordinationem,
937 1219 995 1280 sed
1018 1217 1206 1299 aperitionem

267 1324 492 1386 claustrorum.

335 1429 444 1503 Sexto,
472 1430 564 1511 quod
585 1428 641 1491 filii
674 1429 772 1512 geniti
797 1450 863 1491 non
898 1429 1087 1493 habuissent
1109 1427 1207 1511 perlec-

268 1546 339 1598 tum
364 1557 460 1598 usum
495 1537 731 1611 membrorum,
756 1537 812 1599 sed
848 1537 1078 1618 processissent
1100 1557 1151 1618 per
1170 1534 1207 1594 in·

266 1643 399 1705 tervalla
422 1652 610 1724 temporum
634 1643 718 1705 sicut
742 1643 851 1704 modo.

334 1748 488 1830 Septimo,
515 1750 605 1831 quod
629 1748 685 1811 filii
722 1769 786 1811 non
811 1748 945 1811 fuissent
977 1749 1077 1831 geniti
1104 1750 1133 1811 in
1153 1767 1206 1829 per-

266 1855 504 1920 fectascientia
527 1865 689 1938 quantum
720 1857 763 1918 ad
787 1876 892 1931 usum,
917 1857 959 1918 ad
996 1856 1112 1930 minus,
1134 1854 1207 1936 quid-

266 1963 344 2045 quid
368 1964 409 2025 sit
439 1963 480 2024 de
503 1961 615 2024 habitu
647 1963 801 2025 scientiae.
825 1998 869 2009 —
892 1963 967 2024 lstae
1003 1964 1079 2025 duae
1103 1962 1205 2024 ultima

265 2070 466 2133 conditiones
489 2077 603 2151 patent
626 2090 683 2150 per
708 2069 902 2151 Magistrum
927 2069 1015 2132 Dist.
1041 2088 1093 2133 20.

331 2283 392 2345 Ao
404 2297 664 2346 nnuunumon
677 2297 893 2345 numerumn
910 2283 985 2345 dico
1008 2284 1101 2364 quod
1116 2302 1206 2373 semen
1282 2338 1283 2363 3

264 2412 330 2453 non
343 2399 412 2452 erat
423 2389 624 2471 superfluum
637 2390 781 2452 alimenti
806 2390 1001 2471 simpliciter,
1027 2390 1104 2472 quia
1116 2409 1209 2471 quam·
1282 2364 1283 2408 l

263 2497 312 2558 vis
335 2517 401 2558 non
424 2505 508 2559 esset
531 2496 710 2559 necessario
733 2496 911 2571 individuo,
947 2506 1017 2558 erat
1041 2502 1208 2559 tamenne
1281 2518 1282 2557 3

264 2604 437 2666 cessarium
461 2612 595 2684 propter
618 2604 771 2685 speciem.

330 2710 388 2771 Ad
407 2711 581 2772 secundum
599 2719 689 2791 patet
705 2730 761 2791 per
779 2709 975 2791 Magistrum
992 2710 1069 2773 dist.
1086 2730 1137 2772 20.
1151 2730 1173 2769 c.
1183 2726 1206 2768 2.

263 2816 376 2879 fuisset
398 2817 485 2878 enim
510 2816 570 2878 ista
593 2816 759 2897 copulatio
782 2817 905 2898 absque
929 2818 1060 2879 macula
1083 2818 1114 2877 in
1136 2823 1206 2877 statu
1280 2896 1281 2903 ἵ

262 2923 326 2997 illo,
351 2923 433 2985 sicut
456 2944 542 2984 nunc
566 2931 613 2985 est
636 2923 771 3005 aperitio
794 2923 866 2987 oris.
