2634 4267
242 266 283 333 54
461 251 535 316 L1a.
560 254 589 316 11
614 252 912 317 Sauranmnvn

216 458 413 523 stintionem.
444 459 475 522 T
469 458 558 531 ertio,
578 458 697 521 videbo
720 458 747 520 si
770 466 885 521 natura
914 460 1109 540 angelorum
1132 470 1188 523 est

215 566 402 648 simpliciter
425 566 562 628 nobilior
585 585 686 648 quam
710 564 821 627 anima
847 566 1000 628 humana.

284 778 493 843 Primum
516 776 768 843 Articulum
793 780 899 860 probo
930 779 991 842 sic:
1025 778 1187 861 Quando·

217 906 347 968 cunque
370 884 484 947 formae
508 885 553 947 sic
576 906 610 947 se
634 885 755 948 habent
784 886 874 967 quod
905 886 1027 967 aliquid
1058 908 1117 967 per
1149 908 1189 949 se

218 992 378 1073 competit
401 992 456 1054 uni
480 1001 512 1054 et
535 991 614 1053 illud
630 991 717 1053 idem
742 1001 904 1074 repugnat
919 993 1019 1067 alteri,
1044 993 1098 1055 illa
1120 993 1187 1055 dif-

218 1098 326 1162 ferunt
348 1098 472 1179 specie;
489 1099 546 1161 sed
562 1098 671 1160 anima
687 1107 719 1160 et
734 1099 870 1180 angelus
882 1108 957 1161 sunt
973 1098 1185 1179 hujusmodi3

216 1226 306 1288 erg0.
324 1205 476 1267 Probatio
499 1205 646 1279 minoris,
671 1204 748 1286 quia
770 1204 890 1267 animae
914 1226 971 1286 per
994 1225 1028 1267 se
1052 1227 1188 1288 compe·

216 1312 255 1374 tit
278 1311 452 1374 informare
474 1332 593 1393 corpus
616 1332 660 1374 ex
682 1331 713 1374 2.
738 1311 777 1373 de
801 1311 927 1374 Anima
936 1335 952 1385 ,·
976 1314 1097 1394 angelo
1127 1335 1187 1375 au·

217 1429 284 1481 tem
308 1428 365 1500 per
388 1439 422 1481 se
445 1418 508 1480 hoc
539 1428 702 1500 repugnat
732 1418 815 1480 sicut
846 1427 937 1499 patet
967 1439 1024 1499 per
1056 1440 1186 1495 omneS,

215 1536 249 1589 et
272 1524 354 1588 inira
377 1525 568 1606 probabitur
590 1547 620 1607 q.
646 1544 677 1587 Ι.
701 1525 777 1590 dist.
801 1523 834 1587 8.
859 1546 890 1586 a.
916 1544 946 1587 Ι.

291 1737 515 1823 Quantum
554 1739 618 1804 ud
643 1739 888 1803 secuudum
926 1738 1187 1805 Articulum

216 1844 294 1907 dicit
317 1865 401 1906 unus
425 1846 550 1907 Doctor
573 1844 693 1907 scilicet
717 1845 947 1907 Bonaventura
962 1845 1052 1926 quod
1071 1846 1182 1928 prima

219 1952 300 2014 ratio
323 1951 534 2014 distinctionis
557 1950 654 2031 hujus
678 1950 826 2032 specifice
849 1959 897 2013 est
921 1951 1182 2015 unibilitasaui·

218 2078 279 2120 mu
302 2058 350 2120 ad
370 2058 552 2131 materiam,
577 2078 652 2140 quae
677 2058 834 2140 competit
858 2058 979 2120 animae
996 2068 1028 2121 et
1044 2080 1113 2122 non
1129 2081 1189 2123 an-

222 2166 304 2247 gela

287 2271 355 2335 Sed
373 2282 494 2336 contra.
518 2290 548 2335 2.
573 2270 675 2351 Ptys.
700 2270 805 2333 forma
835 2281 885 2334 est
915 2270 987 2334 finis
1018 2273 1186 2353 materiae;

219 2399 299 2461 ergo
327 2378 489 2441 distinctio
521 2378 665 2440 materiae
696 2388 745 2440 est
775 2388 907 2460 propter
938 2378 1187 2443 distinctionem

221 2484 336 2547 forinae
359 2493 391 2547 et
415 2506 481 2547 non
504 2506 523 2547 e
546 2484 709 2547 contrario

286 2593 459 2666 Praetuea,
485 2592 734 2655 commentator
758 2610 787 2653 Ι.
812 2593 851 2654 de
866 2592 1011 2654 Anima:
1034 2571 1188 2657 rnembra

220 2699 305 2761 cervi
329 2719 394 2760 non
418 2696 570 2760 differunt
592 2718 611 2759 a
635 2698 790 2760 membris
814 2699 914 2761 leonis
938 2698 996 2761 nisi
1012 2700 1091 2781 quia
1114 2701 1186 2762 ani-

224 2826 278 2866 ma
301 2804 406 2867 differt
429 2804 470 2867 ab
493 2804 611 2866 anima.

259 2912 460 2983 .Proeterea,
496 2919 609 2974 contra
632 2910 695 2972 hoc
726 2911 846 2973 directe
868 2920 917 2973 est
947 2911 1122 2974 Avicenna
1150 2932 1185 2975 2.

219 3016 365 3099 Metaplz.
389 3040 415 3079 c.
441 3018 498 3079 ult.
523 3017 578 3079 ubi
603 3017 793 3099 dicitquod
818 3018 951 3080 materia
975 3038 1040 3080 non
1074 3028 1186 3100 potest

220 3146 289 3188 esse
313 3146 409 3187 causa
431 3124 556 3187 essendi
579 3134 612 3187 et
635 3124 855 3207 distinguendi
879 3125 1029 3198 sormam,
1054 3135 1088 3187 et
1111 3147 1187 3208 pro·

220 3233 278 3294 bat
301 3230 363 3293 hoc
386 3231 566 3312 tripliciter:
599 3231 676 3312 quia
707 3233 841 3294 materia
863 3242 912 3294 est
943 3233 1124 3294 secundum
1149 3254 1186 3297 se

220 3338 322 3399 virtus
345 3338 506 3419 receptiva
529 3346 561 3400 et
590 3358 655 3399 non
680 3339 802 3413 activa;
826 3359 905 3420 ergo
936 3359 1002 3401 non
1033 3348 1082 3400 est
1109 3360 1185 3402 cau-

221 3466 256 3507 sa
279 3444 470 3508 distinctiva.
501 3443 646 3507 Secundo
669 3445 746 3526 quia
768 3444 997 3508 inconveniens
1020 3454 1068 3507 est
1092 3448 1185 3528 quod

221 3552 299 3614 illud
322 3553 412 3633 quod
436 3553 615 3614 secundum
639 3572 674 3614 se
696 3561 744 3614 est
772 3552 804 3613 in
828 3552 982 3633 potentia,
1007 3552 1090 3614 sicut
1115 3574 1185 3615 ma-

221 3658 310 3732 teria,
334 3658 374 3720 sit
408 3678 506 3721 causa
536 3658 719 3720 distinctiva
750 3657 819 3738 ejus
842 3658 932 3739 quod
959 3658 1063 3721 estin
1095 3669 1182 3723 actu.
