2634 4267
2237 22 2600 251 Ἴ

380 451 571 514 aeque
618 430 991 492 immediate
1036 428 1286 511 perficit
1332 427 1484 490 istas
1541 425 1860 501 materias;
1895 426 2004 489 sed
2041 446 2173 490 nun
2201 438 2289 490 est

377 539 468 601 sic
513 537 579 599 in
627 536 981 619 proposito;
1029 555 1181 597 nam
1229 535 1447 597 anima
1494 532 1744 615 perficit
1793 534 2129 595 materiam
2157 554 2289 614 pru*

378 645 585 728 priam
631 643 1027 722 immediate,
1053 642 1165 705 sed
1191 663 1430 723 corpus
1457 640 1782 702 mediante
1826 640 2041 722 aliqua
2093 642 2297 702 fornia

376 750 783 814 substantiali
807 750 1042 813 educta
1089 749 1171 811 de
1217 749 1507 830 potentia
1533 747 1840 821 materiae,
1874 750 2065 810 unde
2113 770 2293 830 argu·

323 902 331 910 -
376 866 646 920 mentun
693 867 858 919 esset
903 855 1490 919 demonstrativum
1540 854 1751 934 posita
1777 853 2025 915 unitate
2069 854 2290 914 forma:

374 963 807 1027 substantialis
854 963 919 1025 in
968 962 1250 1037 homine,
1298 963 1384 1025 de
1428 981 1563 1042 quo
1609 960 1765 1023 alias
1810 959 1930 1022 erit
1975 981 2213 1022 sermo.

435 242 552 289 102
907 224 1052 286 Lm.
1102 223 1163 286 II
1212 222 1802 286 SENTENTIARUM

519 1175 966 1261 Quantum
1014 1177 1144 1241 ad
1178 1175 1596 1258 quintum
1644 1174 2053 1240 Articulis.
2061 1194 2173 1258 sset,
2201 1186 2293 1238 est

365 1281 627 1370 opinio
642 1278 1293 1369 philosophorum,
1322 1282 1611 1344 maxime
1635 1281 1912 1344 Avicen.
1940 1303 2025 1363 qu
2037 1286 2121 1346 od
2145 1306 2289 1350 non.

370 1391 522 1472 quia
568 1390 799 1472 angeli,
848 1410 1013 1471 quos
1058 1389 1195 1470 ipse
1239 1389 1394 1452 dicit
1442 1388 1924 1470 intelligentiaS,
1981 1402 2133 1450 sunt
2193 1410 2289 1450 ne-

370 1517 544 1560 cesse
588 1517 743 1570 esse,
792 1506 857 1558 et
903 1516 1159 1558 necesse
1204 1516 1344 1557 esse
1391 1516 1522 1558 non
1571 1503 1667 1557 est
1716 1495 2157 1576 compositum
2209 1518 2289 1558 ex
2346 1574 2354 1582 ὁ

371 1623 605 1685 genere
650 1612 713 1665 et
760 1602 1131 1688 differentia,
1182 1602 1350 1664 sicut
1398 1603 1532 1683 ipse
1579 1603 1817 1683 probat
1859 1601 1927 1664 8.
1991 1602 2285 1686 Mersa-pff.

366 1731 427 1772 c.
477 1728 551 1772 Ι.
614 1747 702 1754 -
751 1708 888 1771 Sed
927 1709 1053 1772 ista
1099 1708 1312 1789 opinio
1382 1708 1578 1771 habet
1656 1710 1964 1792 majorem
2045 1710 2289 1778 falsam,

367 1816 520 1897 quia
587 1815 799 1898 angeli
847 1837 977 1878 non
1024 1824 1175 1878 sunt
1221 1835 1478 1882 necesse
1523 1836 1688 1890 esse,
1737 1815 1851 1878 sed
1910 1816 2085 1878 solus
2113 1818 2293 1878 Deus

366 1931 463 1984 est
511 1943 768 1985 necesse
813 1943 967 1984 esse.

498 2025 672 2096 Ideo
728 2031 845 2096 est
883 2026 1142 2113 opinio
1187 2024 1704 2116 theologorum
1753 2028 1864 2110 qui
1927 2030 2285 2090 seeundum

357 2135 545 2216 quod
588 2135 1020 2198 diversimode
1067 2136 1423 2216 loquuntur
1470 2135 1552 2197 de
1598 2143 1828 2197 natura
1897 2134 2149 2217 generis
2225 2146 2289 2198 et

364 2241 739 2304 differentiae
788 2241 876 2304 ita
922 2242 1354 2304 diversimode
1400 2242 1627 2304 dicunt
1671 2242 1735 2303 in
1784 2242 2141 2323 proposito.
2193 2246 2285 2306 Ilii

359 2348 534 2410 enim
582 2348 693 2429 qui
741 2348 965 2410 dicunt
1010 2348 1188 2429 quod
1223 2357 1453 2410 natura
1501 2347 1751 2429 generis
1796 2356 1862 2410 et
1906 2348 2285 2410 differet-stiffi

362 2454 638 2516 sumitur
685 2454 768 2516 ab
814 2454 1042 2516 eadem
1091 2455 1396 2527 realitate,
1447 2462 1693 2535 negant
1738 2458 2281 2535 compositionem

362 2561 555 2635 illam,
604 2570 668 2624 et
713 2561 937 2623 dicunt
983 2561 1161 2641 quod
1193 2569 1289 2622 est
1337 2560 1423 2622 ibi
1456 2560 1843 2641 compositio
1906 2570 2165 2626 tantum
2197 2586 2283 2626 ex

357 2668 617 2730 duobus
663 2667 1168 2748 conceptibiliter
1214 2667 1547 2729 distinctis
1600 2667 1688 2729 Et
1734 2666 1878 2729 haec
1923 2676 2021 2730 est
2065 2670 2285 2750 opinio

360 2774 652 2848 Aureoli,
702 2773 888 2854 cujus
935 2773 1097 2835 ratio
1142 2783 1240 2836 est
1285 2774 1422 2835 ista:
1473 2794 1622 2855 quae
1700 2774 2009 2837 deberent
2089 2798 2285 2858 penes

357 2880 743 2962 implicitum
790 2889 855 2943 et
899 2880 1303 2961 explicitum,
1353 2880 1771 2943 terminatum
1819 2891 1886 2944 et
1915 2881 2281 2946 intermina*

357 2996 521 3061 tum,
570 2995 915 3049 sumuntur
962 2986 1045 3049 ab
1092 2988 1321 3049 eadem
1385 2988 1688 3049 realitate.
1762 2987 1892 3052 Sed
1964 3009 2173 3070 genus
2217 2998 2281 3050 et

357 3093 711 3156 differentia
757 3103 908 3156 sunt
955 3092 1351 3174 hujusmodi,
1423 3103 1496 3156 ut
1565 3103 1743 3175 patet
1812 3115 1927 3176 per
1997 3098 2277 3158 Anisen-

356 3219 509 3263 nam
526 3218 594 3282 5.
623 3198 913 3281 Metaplz.
961 3211 1096 3281 cap.
1146 3202 1223 3263 de
1268 3201 1675 3284 deflnz‘tione,·
1723 3221 1901 3284 erg0.

490 3306 751 3381 Contra,
800 3328 991 3369 sumo
1038 3308 1350 3370 minorem
1397 3308 1521 3370 sub
1567 3309 1812 3391 majore
1855 3317 1969 3371 tua
1999 3310 2105 3370 sic:
2149 3330 2277 3370 ma*-

354 3413 512 3475 teria
557 3423 621 3476 et
690 3413 899 3476 forma
944 3413 1246 3477 differunt
1316 3435 1514 3496 penes
1584 3415 2004 3478 terminatum
2077 3426 2141 3478 et
2189 3418 2277 3478 in-

354 3519 804 3599 terminatum;
853 3542 1011 3603 ergo
1064 3520 1291 3584 dicunt
1337 3522 1611 3584 eandem
1683 3542 1840 3597 rem,
1911 3526 2093 3604 quod
2165 3526 2277 3586 im-

355 3626 588 3707 probat
635 3627 1067 3709 Philosophus
1142 3647 1201 3712 7.
1250 3627 1545 3710 Metaplz.
1595 3629 1762 3691 Illud
1808 3638 2029 3692 autem
2093 3634 2273 3714 quod
