2634 4267
308 246 495 307 Drsrmcr.
520 244 667 307 XXVIII
691 242 837 325 QuAEsr.
862 244 877 305 Ι
1020 245 1081 323 363

140 453 199 513 sed
222 451 247 513 si
271 460 320 513 est
343 459 535 532 corruptum
558 471 616 532 per
639 459 812 532 peccatum
837 470 903 512 non
927 459 1044 531 potest.
1071 450 1104 515 Si

143 560 319 639 loquamur
331 556 468 619 secundo
484 556 574 619 modo
598 557 639 619 de
655 556 846 638 impletione
863 557 1111 631 mandatorum,

141 664 187 727 sic
208 685 275 727 non
291 673 398 745 potest
421 662 523 726 homo
538 684 595 745 per
618 664 756 726 liberum
772 662 939 725 arbitrium
964 671 1110 737 tantum,

141 770 227 834 sicut
243 780 333 854 patet
357 792 414 853 per
430 771 632 833 Bernardum
656 769 711 832 lib.
736 769 775 831 de
791 769 889 831 libero
904 769 1051 832 arbitrio.

218 984 443 1071 Quantum
472 987 536 1051 ad
562 985 740 1050 tertium
775 983 860 1047 dico·
883 985 973 1066 qnod
1004 983 1125 1073 homo¹

143 1113 211 1158 non
235 1101 343 1174 potest
366 1112 531 1174 resurgere
554 1113 574 1153 a
597 1101 732 1174 peccato
763 1113 820 1173 per
855 1092 991 1153 liberum
1026 1092 1107 1153 arbi-

141 1200 245 1263 trium
269 1198 337 1261 sine
360 1199 471 1281 gratia.
497 1198 599 1279 Cujus
627 1198 708 1261 ratio
739 1209 796 1272 est,
832 1198 909 1280 quia
940 1218 1107 1280 resurgere

142 1328 163 1369 a
186 1315 323 1388 peccato
346 1315 394 1368 est
417 1327 436 1367 a
460 1306 533 1368 Deo
556 1305 679 1368 restitui
703 1326 778 1387 quae
803 1305 904 1367 homo
935 1306 1110 1381 amiserat;

143 1413 203 1476 sed
226 1414 268 1475 ad
291 1413 344 1474 illa
368 1434 433 1475 non
457 1421 564 1494 potest
588 1412 711 1475 restitui
734 1421 863 1474 tantum
888 1433 945 1495 per
969 1412 1109 1475 liberum

143 1519 445 1609 arbitrium3erg0.
471 1519 623 1581 Probatio
647 1519 802 1581 minoris:
827 1539 903 1580 nam
924 1518 988 1581 tria
1005 1518 1113 1580 homo,

144 1648 204 1710 per
227 1635 399 1707 peccatum
423 1626 542 1689 amittit
576 1626 695 1688 scilicet
729 1625 895 1707 quandam
934 1625 1111 1706 specialem

144 1732 247 1796 divini
271 1732 400 1795 luminis
434 1732 691 1806 illustrationem,
727 1733 809 1795 sicut
832 1741 922 1813 patet
946 1753 1003 1814 per
1034 1731 1112 1794 Au·-

145 1840 316 1923 gustinum
338 1839 552 1921 supersecta„
587 1849 728 1902 tractans
752 1840 846 1901 illud:
860 1839 1002 1901 tenebrae
1030 1860 1111 1901 eum·

145 1968 212 2009 non
248 1946 575 2027 comprehenderunt,
610 1947 672 2008 ait:
709 1947 851 2009 tenebrae
887 1955 963 2008 sunt
998 1947 1108 2008 stultae

146 2063 273 2116 mentes
296 2074 396 2134 prava
419 2053 571 2134 cupidate
593 2074 631 2114 ac
654 2052 841 2116 infidelitate
876 2062 1021 2117 coecatae.
1055 2052 1112 2115 Se«

145 2161 250 2223 cundo
273 2160 405 2221 incurrit
428 2160 541 2241 gratiae
564 2159 840 2222 annihilationem.
872 2161 976 2223 Tertio
989 2159 1108 2221 amittit

145 2266 358 2330 idoneitatem
381 2267 423 2329 ad
446 2266 548 2328 vitam
572 2275 738 2328 aeternam.
756 2267 893 2328 Nullum
910 2266 1112 2328 autemistO*

146 2395 221 2436 rum
245 2382 353 2455 potest
375 2373 499 2436 restitui
523 2374 580 2435 nisi
604 2394 661 2455 per
685 2374 833 2455 gratiam,
863 2382 895 2435 et
930 2372 993 2435 hoc
1016 2373 1114 2434 intel--

146 2481 229 2544 lexit
251 2479 422 2561 prophetia
445 2501 521 2543 cum
555 2479 639 2542 dixit
674 2480 709 2542 in
733 2479 859 2543 Psalm.
891 2479 1021 2561 spiritus
1053 2500 1113 2541 va<

146 2588 228 2651 dens
251 2595 284 2649 et
308 2607 373 2648 non
397 2587 533 2649 rediens.

222 2799 444 2886 Quantum
455 2803 520 2867 ad
522 2805 732 2884 quartum
746 2810 793 2863 est
806 2801 990 2862 communis
999 2800 1115 2881 opinio

147 2908 239 2990 quod
262 2908 372 2989 opinio
395 2908 515 2989 Pelagii
538 2908 578 2970 sit
602 2907 763 2982 haeretica,
792 2917 825 2969 et
855 2915 982 2969 tenetur
1017 2907 1108 2988 quod

148 3015 251 3077 homo
275 3035 331 3095 per
355 3014 491 3075 liberum
522 3014 700 3088 arbitrium,
733 3014 800 3076 sine
835 3014 938 3095 gratia
974 3021 1104 3095 gratum

51 3176 55 3183 .
148 3121 286 3183 faciente
309 3141 375 3182 non
399 3130 506 3202 potest
529 3121 629 3182 vitare
653 3141 751 3182 omne
775 3130 946 3201 peccatum
960 3121 1111 3183 mortale..

39 3312 43 3317 Α
149 3229 223 3291 Hoc
246 3236 357 3289 tamen
382 3228 538 3308 probatur
561 3228 787 3289 diversimode.

215 3333 398 3398 Richardus
420 3334 507 3395 enim
531 3334 608 3395 dicit
630 3335 675 3395 sic
698 3335 787 3415 quod
824 3332 924 3395 homo
949 3353 1006 3413 per
1033 3333 1114 3395 libe--

148 3462 221 3503 rum
246 3440 414 3502 arbitrium
438 3439 540 3521 possit
562 3440 664 3502 vitare
691 3440 818 3521 singula
857 3448 990 3520 peccata
1026 3460 1109 3500 mor-

147 3548 224 3610 talia
248 3568 313 3609 non
337 3555 447 3608 tamen
471 3546 590 3608 omnia.
616 3548 815 3627 Exemplum
829 3545 960 3627 ponitur
975 3549 1114 3628 aquod-

148 3654 227 3717 dam
250 3654 292 3715 de
314 3672 400 3734 aqua
423 3653 582 3715 existente
605 3653 636 3715 in
661 3674 736 3715 vase
767 3651 939 3735 perforatO,
979 3654 1012 3715 in
1040 3673 1130 3735 quo'
