2634 4267
330 265 519 326 D1sTnvcr.
545 262 590 325 111
616 260 762 343 vasr.
787 263 817 324 11
979 279 1040 342 119

98 466 158 547 pho
170 465 278 528 forma
292 467 480 550 frequenter
492 478 627 530 vocatur
639 467 816 549 quidditas,
830 477 863 530 et
879 466 951 530 ideo
972 467 1061 550 apud

97 593 164 634 eum
188 575 317 655 gradus
343 575 409 637 sive
432 575 611 638 differentia
633 575 838 637 individualis
867 595 932 636 non
964 595 1061 636 voca-

97 687 143 740 tur
164 678 282 755 forma,
307 681 369 743 sed
397 682 570 755 materiale,
594 691 627 744 et
644 681 775 763 proprie
798 690 933 743 vocatur
956 681 998 743 ab
1021 701 1061 743 eo

98 786 232 848 materia.
260 787 309 848 Et
336 808 392 869 per
416 789 494 851 illud
519 797 608 870 patet
631 789 673 850 ad
697 787 904 850 auctoritates
916 787 1060 850 Philoso-

97 890 147 971 phi
169 913 245 974 quae
272 903 369 956 erant
392 893 423 956 in
448 895 644 977 praecedenti
669 895 831 976 opinione;
856 903 951 956 vocat
972 895 1059 956 enim

97 998 261 1061 materiam
287 1002 431 1082 gradum
456 1001 698 1064 individualem.
724 1002 758 1066 Si
771 1022 847 1064 vero
872 1021 1060 1082 comparen-

97 1111 143 1165 tur
163 1106 205 1168 ad
230 1107 315 1169 illud
339 1109 429 1190 quod
453 1108 575 1171 habent
594 1109 692 1190 juxta
715 1129 759 1182 se,
772 1109 845 1171 dico
863 1109 952 1190 quod
976 1107 1059 1170 sicut

96 1209 268 1274 differentia
293 1214 445 1296 specifica
468 1225 600 1297 sumpta
623 1216 665 1278 ab
689 1216 804 1277 ultima
832 1211 976 1277 realitate
1010 1224 1059 1276 est

96 1316 194 1397 primo
217 1320 351 1382 diversa
374 1321 415 1383 ab
438 1322 528 1384 omni
551 1323 632 1395 alio,
665 1323 708 1384 ita
736 1322 841 1403 prima
880 1319 1059 1384 differentia

95 1421 296 1488 individualis
320 1436 369 1489 est
392 1429 498 1510 primo
522 1430 647 1492 diversa
670 1429 712 1491 ab
736 1429 826 1491 omni
850 1429 921 1492 alia.

155 1530 249 1594 Tunc
274 1544 407 1616 oportet
430 1556 596 1598 removere
619 1536 714 1598 tertio
738 1545 878 1618 quatuor
902 1535 1057 1615 objectio·

96 1654 147 1697 nes
179 1659 325 1719 quarum
345 1643 460 1722 prima
482 1652 531 1705 est
554 1643 631 1708 ista:
656 1645 746 1724 quod
771 1643 796 1704 si
826 1652 875 1705 est
899 1643 1007 1723 aliqua
1020 1664 1057 1703 u-

96 1741 172 1804 nitas
195 1747 290 1808 realis
316 1747 421 1810 minor
444 1750 568 1812 unitate
592 1750 759 1824 numerali,
785 1758 878 1812 uttu
899 1749 1057 1830 supponis

96 1845 125 1908 in
146 1851 250 1930 prima
275 1854 411 1929 ratione,
435 1866 493 1918 aut
515 1865 563 1919 est
586 1857 722 1936 alicujus
746 1858 777 1919 in
801 1858 917 1919 eodem
943 1877 1056 1918 nume-

96 1955 205 2033 raliter,
230 1970 290 2022 aut
314 1961 347 2023 in
371 1962 480 2044 aliquo
503 1964 576 2040 ali0;
602 1986 667 2028 non
699 1965 731 2027 in
766 1965 882 2026 eodem
919 1983 1057 2025 numero

97 2062 167 2141 quia
188 2067 353 2149 quidquid
375 2078 424 2131 est
447 2071 479 2132 in
502 2072 618 2133 eodem
642 2092 790 2144 numero,
814 2080 979 2133 estunum
994 2091 1054 2132 nu-

97 2187 189 2247 mero;
213 2194 282 2236 non
307 2176 340 2237 in
363 2177 501 2252 duobus,
526 2179 602 2260 quia
625 2180 657 2241 in
682 2180 726 2241 eis
750 2179 828 2241 nihil
868 2187 916 2240 est
951 2197 1054 2239 unum

98 2294 237 2341 numero.

157 2383 307 2450 Secunda
331 2398 380 2451 est
409 2389 478 2453 ista:
514 2391 703 2455 differentiae
728 2371 958 2455 individuales
975 2399 1052 2452 sunt

97 2487 218 2555 alterius
249 2497 385 2559 rationis
415 2520 490 2560 cum
522 2500 585 2562 sint
616 2500 727 2580 seipsis
759 2501 865 2581 primo
896 2500 1031 2561 diversae
1045 2517 1053 2570 ;

96 2613 168 2676 ergo
200 2610 233 2662 et
256 2604 435 2666 constituta
460 2616 556 2668 erunt
578 2607 709 2668 alterius
733 2607 864 2669 rationis
887 2605 977 2686 quod
1004 2613 1054 2666 est

97 2698 329 2776 inconveniens,
359 2712 511 2775 Probatio
541 2715 783 2795 consequentia,
815 2714 979 2794 quianon
1004 2720 1053 2772 est

98 2808 192 2890 major
215 2815 380 2879 distInctio
404 2818 435 2881 in
460 2820 623 2902 principiis
646 2842 747 2902 quam
772 2821 803 2882 in
828 2818 1033 2902 principiatis.

162 2919 271 2984 Tertia
287 2931 335 2984 est
351 2923 427 2986 ista:
452 2926 494 2988 ab
510 2927 570 2988 ista
586 2926 765 2990 differentia
786 2935 893 3008 potest
909 2923 1052 2987 abstrahi

98 3021 170 3084 ratio
186 3029 280 3102 entis,
304 3033 337 3092 et
351 3039 430 3094 tunc
453 3033 611 3114 quaeritur
626 3035 798 3116 quomodo
822 3033 1051 3102 individuatur‚

98 3128 167 3204 quia
188 3143 244 3196 aut
269 3157 288 3196 a
311 3137 425 3218 seipsa,
453 3148 486 3201 et
510 3141 577 3220 pari
602 3142 727 3203 ratione
759 3140 819 3203 fuit
841 3140 994 3202 standum
1019 3138 1051 3197 in

99 3234 209 3310 prima:
235 3251 294 3304 aut
318 3243 359 3305 ab
383 3244 462 3307 alia:
487 3267 634 3328 quaeram
652 3249 693 3310 de
716 3249 768 3310 illa
793 3249 874 3310 sicut
898 3248 938 3308 de
955 3244 1052 3326 priori

100 3337 128 3400 in
149 3341 319 3413 infinitum.

161 3449 286 3525 Quarta
310 3465 359 3518 est
389 3457 459 3532 isla,
493 3460 570 3541 quia
601 3463 758 3543 quaeritur
790 3463 830 3523 de
861 3461 922 3522 isto
947 3458 1050 3540 gradu

99 3553 144 3614 vel
164 3558 341 3624 differentia
363 3563 551 3629 individuali
575 3569 600 3630 si
623 3571 664 3631 sit
698 3570 832 3632 materia
855 3568 905 3630 vel
936 3566 1050 3633 forma,

101 3661 144 3721 vel
158 3669 393 3751 compositum3
418 3673 638 3756 quodcunque
653 3677 758 3751 detur,
776 3676 920 3757 sequitur
943 3674 1051 3740 incon-¹
