2634 4267
274 271 339 332 280
517 269 592 332 Lm.
616 269 646 332 II
671 269 964 333 Ssu'ransrnnuu

248 494 322 536 mus
343 473 368 536 si
392 474 501 536 anima
523 473 717 538 intellectiva
740 473 781 536 sit
804 472 909 536 forma
940 475 1150 538 substantialis
1169 485 1196 538 et

248 579 397 663 specifica
420 580 571 645 hominis.
597 580 773 655 Secundus,
798 580 823 643 si
859 601 936 642 cum
971 581 1024 644 illa
1059 582 1098 644 sit
1122 603 1196 644 com-

249 688 407 771 possibilis
431 687 465 750 in
488 687 620 750 homine
643 688 705 751 alia
729 687 833 750 forma
846 688 1076 764 substantialis,
1104 699 1134 752 et
1150 709 1196 771 po·

249 795 335 857 nitur
358 794 401 856 ibi
424 793 535 876 opinio
557 793 645 858 falsa.
668 795 771 858 Tertio
794 796 920 858 dicetur
936 796 978 858 ad
999 797 1194 878 quaestionem

249 901 428 964 secundum
451 901 630 964 veritatem.
659 900 784 977 Quarto
807 903 936 966 dicetur
959 903 1002 964 ad
1037 903 1152 966 motiva
1170 923 1195 963 a·

251 1009 378 1074 liorum.
1021 1011 1023 1016 ’

322 1221 829 1310 Occanmmadpre’mum
854 1224 928 1287 dico
952 1225 1043 1306 quod
1055 1224 1106 1298 sic,
1118 1223 1191 1305 quod

250 1329 407 1410 probatur
430 1350 488 1411 per
522 1329 761 1412 Philosophum
795 1350 826 1393 2.
850 1331 889 1392 de
909 1331 1053 1393 Anima:
1077 1331 1191 1400 Anima,

249 1436 361 1518 inquit,
386 1446 434 1498 est
457 1446 549 1498 actus
572 1437 717 1518 corporis
734 1436 861 1519 physici
874 1438 1020 1520 organici
1044 1439 1138 1500 vitam
1150 1437 1191 1497 ha-

249 1542 353 1606 bentis
376 1543 408 1604 in
432 1544 587 1625 potentia.
613 1544 657 1606 Et
681 1544 791 1607 subdit
814 1544 946 1618 ibidem,
971 1545 1062 1626 quod
1085 1552 1193 1606 nonest
1276 1575 1277 1614 r

250 1658 342 1714 actus
365 1650 535 1723 secundus,
560 1651 617 1712 sed
640 1651 858 1713 substantialis
881 1660 914 1713 et
937 1652 1071 1733 primus.

317 1755 471 1830 Secundo,
506 1757 582 1838 quia
617 1777 731 1819 omnes
774 1757 960 1840 philosophi
996 1757 1193 1820 communiter

250 1872 429 1944 posuerunt
451 1863 484 1924 in
508 1862 695 1926 definitione
719 1862 867 1938 hominis,
882 1864 1044 1927 rationale
1055 1873 1192 1945 tanquam

249 1968 472 2043 differentiam,
497 1969 713 2052 intelligentes
736 1990 793 2052 per
817 1970 973 2033 rationale
996 1971 1136 2033 animam
1159 1969 1193 2030 in·

251 2076 456 2138 tellectivam.

322 2183 425 2244 Tertio
448 2203 506 2263 per
540 2182 699 2245 rationem
734 2182 923 2265 Philosophi
957 2203 989 2246 2.
1026 2184 1065 2247 de
1087 2182 1193 2245 Anima

250 2289 312 2351 sic:
338 2289 375 2351 Id
399 2298 447 2350 est
470 2287 576 2350 forma
598 2289 817 2353 substantialis
840 2289 991 2365 hominis,
1016 2311 1084 2372 quo
1100 2297 1194 2351 amoto
1277 2277 1278 2300 ¹

249 2415 315 2459 non
339 2404 484 2457 remanet
507 2395 571 2458 tale
599 2397 658 2475 nisi
693 2397 870 2478 aequivoce.
904 2397 1108 2479 Exemplum
1139 2395 1194 2476 ejus

249 2510 297 2564 est
320 2503 361 2563 de
385 2501 520 2565 dolabro
543 2503 620 2584 quia
643 2503 713 2584 ejus
736 2501 841 2566 forma
864 2513 976 2566 amota
1012 2525 1078 2567 non
1111 2521 1194 2565 rema·
1277 2563 1278 2570 ,

249 2618 304 2671 net
327 2609 498 2670 dolabrum
524 2610 582 2670 nisi
614 2610 791 2691 aequivoce.
825 2609 890 2674 Sed
925 2619 1038 2673 amota
1072 2611 1194 2672 intellec·
1277 2583 1278 2652 l

248 2715 314 2776 tiva
329 2715 371 2777 ab
395 2715 528 2777 homine
552 2736 617 2779 non
641 2725 787 2779 remanet
810 2715 912 2779 homo
936 2717 995 2779 nisi
1018 2717 1180 2800 aequivoce.
1277 2731 1278 2754 l

320 2820 443 2897 Quarto
467 2823 512 2884 sic
536 2843 592 2904 per
616 2823 776 2885 rationem
813 2823 1046 2886 modernorum
1081 2843 1149 2904 quae
1168 2840 1194 2881 e·

249 2927 329 2989 tiam
352 2937 399 2990 est
434 2929 612 3010 aliqualiter
647 2928 837 3011 Philosophi
873 2929 905 2991 in
939 2949 970 2994 2.
995 2929 1035 2992 de
1069 2929 1193 2992 Anima:
1277 2967 1278 3014 1

249 3034 379 3115 propria
403 3036 550 3116 operatio
572 3045 620 3098 est
644 3057 663 3097 a
687 3037 818 3119 propria
849 3035 972 3114 lorma;
1008 3038 1065 3099 sed
1098 3033 1194 3098 intelli·
1277 3079 1278 3096 r

248 3161 324 3222 gere
345 3149 393 3203 est
417 3142 550 3223 propria
573 3143 721 3223 operatio
745 3142 905 3219 hominis;
929 3164 1009 3226 ergo
1032 3153 1080 3206 est
1101 3160 1194 3222 apro·

249 3247 318 3329 pria
341 3246 449 3310 forma
471 3249 580 3330 ipsius.
606 3248 671 3312 Sed
695 3250 759 3312 tale
782 3258 830 3312 est
865 3250 906 3311 ab
941 3250 1051 3312 anima
1073 3248 1205 3335 intellec·¹

249 3354 327 3416 tiva.
351 3387 395 3400 -
423 3352 646 3438 Confirmatur
668 3377 711 3418 ex
735 3376 764 3419 Ι.
786 3354 895 3418 Ethic.
920 3356 975 3418 ubi
996 3351 1194 3436 diciturquod

249 3459 380 3522 felicitas
404 3481 479 3542 quae
498 3462 644 3524 consistit
668 3463 700 3525 in
724 3463 947 3545 speculatione
969 3472 1003 3526 et
1026 3459 1193 3525 intellectio·

249 3587 290 3629 ne
312 3577 360 3629 est
384 3568 513 3649 propria
537 3569 683 3650 operatio
707 3569 856 3632 hominis.

319 3669 456 3738 Contra
488 3673 602 3740 istam
641 3671 930 3742 Conclusionem
955 3687 1032 3740 sunt
1064 3677 1126 3738 duo
1145 3671 1194 3733 du·
