2634 4267
448 235 537 311 45
945 233 1090 296 Lm.
1139 232 1198 294 II
1249 231 1838 295 SENTENTIARUM

408 439 750 519 porfoctior
789 437 1049 519 requirit
1095 456 1362 498 causam
1396 435 1863 517 perfectiorem.
1909 434 2038 498 Sed
2086 435 2138 496 si
2171 435 2334 497 acci-

404 547 617 627 piatur
669 547 725 607 io
781 544 1022 627 mojori
1064 542 1409 623 utrobique
1479 542 1897 604 universalius
1964 542 2331 604 secundum

392 655 873 731 pe.·s3,=·3:rro'fflfflso,
929 659 1023 712 ost
1069 649 1317 712 fallacia
1364 649 1914 731 aequivocationiS,
1963 649 2063 710 vel
2114 648 2339 711 minor

404 769 501 819 ost
553 759 725 830 salsa,
777 759 925 839 qnia
973 756 1190 818 minor
1233 776 1365 817 non
1412 764 1509 818 est
1555 776 1706 817 vera
1737 755 1855 816 nisi
1902 755 1984 817 de
2010 755 2335 817 universa—

408 867 581 927 litate
629 867 989 927 secundum
1027 862 1582 944 proedicationem,
1638 871 1702 923 et
1748 870 1905 924 tunc
1932 862 2146 943 major
2176 882 2332 942 quae

400 971 773 1039 assuuntur,
809 970 987 1051 quod
1021 970 1202 1031 Deus
1233 978 1331 1031 est
1380 968 1922 1030 universalissima
1953 989 2149 1030 causa
2162 978 2334 1048 proe-

404 1079 745 1147 siit-ossone,
801 1091 897 1139 ost
945 1075 1579 1149 falsa—Praeterea,
1629 1075 1808 1156 quod
1856 1074 2201 1136 adducitur
2247 1076 2333 1136 de

404 1183 513 1247 1³:¹2³.
565 1187 641 1247 εἰς
685 1183 921 1255 missis,
977 1182 1306 1245 concludit
1353 1182 1749 1263 oppositum,
1799 1181 1951 1262 quia
1981 1180 2216 1243 dicitur
2241 1180 2332 1243 ibi

404 1291 521 1351 sio:
569 1291 701 1351 Noa:
745 1291 1012 1371 angelus
1046 1310 1163 1351 nec
1195 1289 1415 1349 anima
1439 1289 1598 1350 dant
1622 1308 1759 1350 esse
1784 1288 1901 1349 nisi
1935 1287 2330 1368 inquantum

402 1407 757 1479 oporantor
805 1397 1177 1479 opo-ratione
1207 1395 1445 1457 divina.

541 1507 845 1567 &fossorio
893 1504 1086 1567 friam
1135 1503 1305 1564 ratio
1353 1523 1483 1564 non
1532 1502 1880 1574 concludit,
1930 1500 2082 1582 quia
2132 1500 2332 1562 habet

408 1611 721 1671 minoravi
769 1611 1016 1683 falsam,
1067 1618 1139 1672 ut
1187 1609 1540 1690 probatum
1582 1618 1679 1670 est
1725 1629 1920 1690 Supra
1967 1627 2026 1672 Ι.
2086 1606 2328 1682 Quoest.

404 1739 464 1779 o,
521 1739 597 1791 1„
637 1739 753 1779 noo
789 1716 1197 1799 probationes
1245 1716 1480 1777 valent.
1515 1716 1754 1777 Prima
1802 1734 1967 1776 non:
2021 1714 2194 1777 Cum
2234 1715 2331 1776 di-

404 1827 569 1887 oitor
617 1827 793 1903 qood
845 1845 974 1887 non
1023 1823 1345 1903 contingit
1421 1822 1711 1903 accipere
1795 1821 1895 1883 vel
1973 1821 2332 1902 intelligere

408 1931 721 2011 mojoroin
769 1930 1159 2002 distantiam,
1209 1930 1357 1991 dico
1403 1930 1582 2010 quod
1630 1927 1863 1990 falsum
1897 1936 1993 1990 est
2024 1928 2329 2009 positive,

408 2059 629 2099 vorum
681 2051 897 2099 autom
949 2045 1042 2098 est
1077 2035 1507 2117 permissive,·
1537 2035 1662 2097 hoc
1692 2044 1789 2096 est
1836 2044 2093 2096 tantum
2128 2035 2327 2108 dictu,

404 2147 618 2224 aliqua
669 2143 968 2207 distantia
1015 2143 1199 2224 ponit
1249 2143 1563 2223 majorem
1612 2142 2091 2223 oppositionem
2125 2162 2330 2222 quam

407 2251 529 2319 illa,
577 2263 641 2311 ot
693 2271 821 2311 una
869 2250 1074 2330 major
1121 2249 1549 2311 contradictio
1595 2268 1796 2330 quam
1846 2248 1996 2322 alia;
2047 2248 2163 2309 sed
2226 2248 2332 2309 illa

408 2359 721 2439 poi-mittit
749 2367 1330 2439 quantumcunque
1359 2356 1739 2427 maximam,
1766 2355 1920 2435 quia
1944 2354 2007 2415 in
2038 2355 2331 2416 maxima

404 2467 705 2532 salvator,
761 2463 909 2543 quia
956 2464 1101 2544 plus
1149 2461 1557 2543 perfectionis
1604 2462 1788 2543 ponit
1834 2461 2049 2523 asinus
2119 2462 2331 2524 inten—

404 2575 537 2631 sivo
585 2591 781 2651 quarn
809 2570 1066 2642 animal,
1093 2569 1333 2630 animal
1363 2578 1584 2633 autem
1618 2570 1763 2651 plus
1796 2567 2129 2650 permittit,
2165 2569 2331 2631 sicut

404 2687 581 2759 potot
633 2679 689 2739 io
749 2676 1268 2739 homine—Ad
1305 2677 1659 2737 secundam
1696 2675 2140 2756 probationem
2176 2696 2329 2736 cum

404 2783 634 2843 [licitur
685 2783 861 2863 quod
913 2783 1070 2843 inter
1119 2783 1616 2844 contradictoria
1662 2791 1757 2843 est
1815 2782 2118 2844 distantia
2188 2781 2331 2843 infi-

404 2891 557 2959 nito.
609 2899 821 2971 potest
869 2891 954 2951 sio
1002 2889 1289 2969 intelligi,
1354 2889 1518 2950 idest
1589 2888 2102 2962 indeterminata,
2175 2889 2332 2969 quia

404 2999 569 3055 siout
617 2995 789 3059 nulla
837 3007 929 3055 ost
979 2995 1065 3056 ita
1113 3015 1314 3075 parva
1362 2995 1663 3057 distantia
1709 3015 1858 3076 quae
1886 3015 2016 3056 non
2052 2995 2333 3057 sufficiat

404 3107 485 3163 ati
537 3103 1132 3175 contradictionem,
1184 3102 1273 3163 ita
1321 3102 1496 3164 nulla
1542 3112 1638 3164 est
1699 3103 1788 3163 ita
1861 3122 2101 3182 magna
2172 3102 2330 3182 quin

404 3211 485 3271 od
525 3211 693 3271 iliam
729 3209 1306 3271 contradictionem
1340 3230 1407 3271 se
1438 3210 1943 3271 extenderet.—
1975 3209 2093 3271 Ad
2117 3208 2330 3272 aliam

392 3319 837 3395 probationem
885 3315 1030 3377 dico
1093 3315 1272 3397 quod
1321 3316 1467 3377 licet
1514 3336 1927 3397 quaecunque
1973 3317 2331 3378 contradic-

404 3423 569 3483 toria
617 3423 737 3483 sint
805 3422 1364 3503 incompossibilia,
1414 3443 1545 3484 non
1602 3432 1822 3484 tamen
1865 3443 2054 3503 aeque
2095 3423 2333 3485 distan-

400 3531 509 3599 tia,
561 3531 710 3611 quia
745 3531 889 3611 plus
937 3529 1131 3590 distat
1173 3530 1354 3590 Deus
1401 3550 1438 3590 a
1472 3550 1603 3591 non
1655 3529 1819 3603 De0,
1870 3550 2067 3610 quam
2104 3530 2335 3593 album

404 3659 444 3695 o.
493 3659 621 3695 non
669 3639 837 3697 albo.
