2634 4267
228 254 268 315 14
472 235 547 297 Lnt.
571 236 601 296 ΙΙ
625 233 919 299 Snurnurmnuu

270 442 354 504 Dico
369 461 448 523 ergo
472 439 652 503 secundum
670 448 814 501 mentem
831 439 1076 523 Theologorum
1093 462 1167 503 om-

197 548 293 610 nium
318 548 408 629 quod
431 546 541 610 omnia
572 555 647 608 sunt
671 567 690 608 a
713 546 820 626 primo
843 555 918 608 ente
940 547 1023 610 sieut
1046 568 1065 609 a
1088 568 1166 610 cau-

195 676 238 717 sa
260 653 406 717 effectiva
429 653 471 715 de
493 652 603 727 nihilo,
628 662 665 716 ut
687 652 786 715 etiam
810 653 851 715 de
882 652 982 715 nihilo
1011 653 1090 717 dicit
1118 675 1168 716 or-

201 762 313 824 dinem
345 760 532 836 durationis,
569 760 646 842 quia
681 760 792 822 omnia
815 760 1013 842 inceperunt,
1049 769 1082 823 et
1118 761 1166 823 ni-

197 867 247 930 hil
269 877 318 930 est
341 877 500 930 aeternum
525 876 642 950 praeter
662 868 807 948 'primam
831 887 973 929 causam.

269 975 364 1038 Tunc
386 974 428 1036 ad
452 974 591 1037 rationes
614 973 814 1055 Philosophi.
838 974 898 1036 Ad
903 973 1064 1055 primum,
1088 994 1166 1036 cum

197 1081 329 1156 dicitur,
366 1080 485 1143 mobile
518 1080 647 1162 incepit,
684 1101 763 1162 ergo
799 1100 856 1162 per
889 1080 989 1143 alium
1025 1089 1165 1155 motum,

197 1209 294 1271 nego,
323 1188 399 1270 quia
427 1208 492 1249 non
523 1187 644 1269 incepit
666 1208 723 1268 per
759 1196 897 1261 motum,
921 1186 978 1249 sed
1001 1207 1059 1268 per
1093 1187 1168 1249 sim·

199 1295 322 1377 ‘plicem
347 1294 409 1357 Dei
433 1295 647 1356 voluntatem.

271 1402 330 1463 Ad
349 1401 533 1476 secundum,
558 1420 633 1463 cum
667 1389 792 1473 dicitur,
828 1408 959 1481 tempus
987 1420 1053 1461 non
1085 1400 1168 1463 ince-

199 1510 254 1591 pit
277 1508 355 1590 quia
382 1517 430 1570 est
464 1516 634 1581 aeternum,
671 1506 745 1569 dico
768 1506 859 1588 quod
882 1516 930 1569 est
964 1505 1091 1570 falsum.
1123 1543 1168 1553 -

205 1615 264 1677 Ad
281 1614 502 1695 probationem
515 1614 707 1695 respondeo,
732 1634 808 1675 cum
825 1614 959 1675 dicitur:
978 1612 1012 1676 Si
1036 1623 1168 1694 tempus

197 1722 323 1803 :incepit
346 1741 424 1795 esse,
448 1721 489 1783 de
512 1740 599 1809 novo
623 1719 737 1782 habuit
752 1740 821 1784 esse
837 1729 912 1801 post
928 1740 993 1782 non
1017 1740 1086 1781 esse
1108 1720 1170 1781 du-

207 1827 340 1902 ratione,
364 1827 438 1889 dico
462 1826 552 1907 quod
576 1827 636 1888 ista
659 1819 788 1888 duratio
823 1846 888 1888 non
923 1835 972 1888 est
994 1826 1087 1888 realis
1110 1826 1168 1888 sed

207 1933 408 2015 imaginaria,
434 1942 566 2015 propter
590 1934 680 2015 quod
696 1943 828 2015 tempus
851 1953 917 1995 non
933 1942 982 1995 est
997 1942 1073 1995 ante
1088 1941 1168 1995 tem-

209 2061 280 2122 pus.

275 2146 344 2209 Sed
372 2147 518 2209 instatur
550 2156 664 2209 contra
688 2145 760 2221 hoe,
793 2146 870 2227 quia
901 2146 933 2207 in
965 2145 1104 2208 relativis
1127 2146 1169 2209 de

201 2254 314 2336 primo
345 2261 378 2315 et
401 2252 544 2315 secundo
568 2253 679 2327 modo,
704 2253 729 2314 si
753 2273 856 2314 unum
880 2261 928 2314 est
944 2252 1037 2327 reale,
1050 2260 1083 2314 et
1098 2253 1168 2315 reli-

199 2379 320 2441 =quum.
339 2359 404 2423 Sed
429 2360 516 2441 prius
532 2368 564 2421 et
588 2359 748 2441 posterius
760 2368 835 2421 sunt
851 2358 983 2421 relativa
998 2359 1040 2421 de
1062 2359 1168 2440 primo

208 2466 317 2538 mod0,
344 2466 420 2548 quia
444 2465 527 2528 sicut
550 2466 697 2528 simultas
720 2464 875 2528 fundatur
898 2466 930 2527 in
963 2465 1096 2540 unitate,
1121 2466 1166 2528 sic

208 2572 296 2655 prius
320 2582 352 2635 et
375 2572 535 2654 posterius
557 2572 590 2635 in
615 2572 833 2647 multitudine,
857 2581 889 2635 et
912 2572 1046 2634 sicsunt
1069 2572 1102 2634 in
1118 2593 1169 2635 eo

202 2679 284 2741 dem
309 2680 427 2755 modo;
459 2699 538 2760 ergo
569 2678 767 2760 impossibile
797 2688 846 2741 est
877 2679 965 2760 prius
994 2698 1063 2740 esse
1086 2679 1170 2741 reale

210 2785 270 2847 nisi
294 2786 453 2866 posterius
487 2786 528 2847 sit
551 2787 635 2848 reale
669 2785 850 2847 duratione.
876 2784 940 2848 Sed
976 2805 1075 2848 omne
1098 2806 1170 2865 pro-

202 2892 347 2955 ductum
371 2891 412 2955 de
428 2912 515 2953 novo
531 2900 580 2954 est
596 2892 721 2954 realiter
737 2892 912 2973 posterius;
930 2912 1009 2973 ergo
1033 2900 1065 2953 et
1081 2892 1170 2973 prius

210 2997 399 3072 necessario
424 2998 523 3061 etsie
547 2998 636 3081 prius
659 2998 831 3060 duratione
854 2998 939 3062 reali.
963 3035 1008 3045 -
1030 3000 1169 3080 Respon-

202 3104 265 3167 ¹¹deo
289 3124 345 3185 per
369 3104 655 3187 interemptionem
679 3105 826 3180 minoris,
851 3104 927 3186 quia
954 3104 998 3167 ibi
1032 3125 1098 3167 non
1122 3114 1170 3167 est

210 3211 300 3292 prius
324 3210 458 3299 realiter,
483 3232 542 3274 nec
566 3221 615 3274 est
645 3211 689 3273 ibi
721 3211 898 3273 multitudo
930 3212 1031 3287 realis,
1067 3222 1104 3275 ut
1134 3221 1169 3274 tu

202 3316 340 3399 accipis.

276 3424 335 3487 Ad
353 3424 527 3487 secundam
550 3433 583 3487 et
613 3426 744 3489 tertiam
769 3425 991 3507 probationem
1026 3425 1100 3487 dico
1124 3446 1174 3488 se·

202 3530 357 3593 ‹cundum
381 3530 467 3593 viam
484 3532 734 3606 Bonaventurae‚
759 3531 849 3613 quod
865 3532 948 3594 sicut
963 3541 1011 3595 est
1034 3533 1076 3595 de
1092 3553 1174 3614 pun-

203 3646 265 3700 cto
289 3638 321 3699 in
346 3636 438 3713 linea,
463 3638 507 3700 sic
523 3647 571 3701 est
594 3639 635 3701 de
650 3638 782 3701 instanti
806 3639 979 3722 temporis;
1004 3639 1060 3702 sed
1084 3660 1169 3721 pun-
