2634 4267
313 263 500 326 Drsrrucr.
530 262 560 325 Il
585 261 731 343 QuAEsr.
756 262 786 324 11
1009 263 1054 342 69

176 467 244 530 Sed
251 478 368 530 contro
392 469 491 531 istam
507 467 687 549 opinionem
704 476 753 530 est
777 470 929 530 Damaso.
955 467 1026 532 Lib.
1038 470 1076 547 54

108 593 185 654 cJJ.
210 575 267 637 ubi
294 574 411 637 diffuse
435 576 553 658 probat
575 575 666 656 quod
696 574 833 657 angelus
862 575 967 637 estin
990 576 1073 637 loc0.

110 680 269 763 Arguitur
295 682 395 744 etiam
419 703 438 744 a
469 682 613 763 quodam
645 702 702 763 per
726 681 865 743 rationes
888 681 953 743 sic:
978 702 1075 764 agere

108 789 339 870 praesupponit
360 809 445 857 esse:
471 789 529 850 sed
544 789 680 871 angelus
696 797 848 869 operatur
864 787 895 850 in
919 789 1009 863 loco;
1025 808 1072 850 er-

110 914 150 975 go
172 903 221 956 est
244 895 278 957 in
313 895 395 957 loc0.
421 894 487 958 Sed
517 894 599 957 forte
630 894 712 956 ratio
743 914 809 955 non
842 894 1007 957 concludit
1030 895 1071 956 de

108 1001 195 1062 omni
218 1022 301 1075 esse,
328 1002 411 1063 sicut
435 1010 524 1084 patet
542 1002 584 1063 de
607 1001 795 1084 operatione
825 1000 975 1063 beatifica
997 1022 1073 1083 quae

111 1126 171 1168 non
194 1108 426 1189 praesupponit
449 1128 517 1170 esse
540 1108 684 1181 beatum,
709 1107 856 1189 quinimo
887 1116 935 1169 est
958 1128 976 1169 e
999 1128 1073 1170 con-

109 1232 207 1286 vers0,
233 1215 328 1295 quod
352 1215 428 1296 quia
452 1223 603 1296 operatur
627 1214 701 1277 ideo
723 1223 771 1276 est
794 1214 917 1276 beatus.

172 1315 244 1386 Est
264 1339 361 1409 orgo
384 1319 552 1388 altorum
568 1319 706 1407 opimo,
730 1322 786 1403 qui
803 1322 988 1384 concedunt
1003 1322 1074 1383 uni-

111 1428 275 1490 versaliter
309 1430 400 1509 quod
438 1429 573 1510 angelus
604 1438 652 1490 est
676 1428 708 1490 in
740 1429 821 1502 loc0,
854 1429 911 1490 sed
943 1427 1076 1490 difficul-

110 1539 157 1593 tas
179 1543 210 1595 et
241 1535 464 1597 controversia
494 1543 543 1597 est
573 1534 605 1597 in
637 1534 780 1596 videndo
812 1534 879 1596 sive
911 1534 941 1596 in
974 1535 1074 1597 modo

112 1656 166 1716 per
187 1660 289 1720 quem
316 1642 453 1703 modum
478 1650 510 1703 et
533 1662 590 1723 per
613 1641 692 1723 quid
714 1642 849 1722 angelus
872 1641 912 1702 sit
935 1641 967 1702 in
991 1642 1073 1705 loco,

112 1742 155 1806 Et
175 1746 252 1809 dicit
285 1768 372 1810 unus
396 1748 521 1810 Doctor
552 1748 715 1829 antiquus
748 1747 837 1829 quod
868 1748 1002 1829 angelus
1025 1758 1075 1810 est

112 1852 144 1914 in
166 1853 239 1915 loco
263 1875 323 1937 per
339 1854 576 1935 operationem:
595 1854 712 1935 probat
724 1874 781 1935 per
797 1842 950 1915 Damasc.
965 1853 1018 1916 lib.
1044 1873 1074 1917 Ι.

110 1979 134 2018 c.
158 1978 206 2037 15.
230 1962 440 2042 incorporea,
457 1961 569 2041 inquit,
595 1971 710 2024 natura
734 1960 789 2023 ubi
813 1961 904 2022 adest
927 1960 971 2023 ibi
995 1982 1070 2042 ope-

112 2074 194 2127 ratur
217 2088 284 2130 non
309 2067 518 2149 corporaliter
542 2068 597 2129 sed
622 2067 837 2148 spiritualiter.

175 2173 375 2237 saoconna
398 2184 446 2236 est
473 2174 627 2236 articulus
657 2174 895 2236 condemnatus
923 2175 965 2235 ab
990 2174 1070 2256 Epi-

113 2297 207 2361 scopo
229 2281 401 2344 Parisiensi
424 2290 456 2343 et
479 2280 804 2359 excommunicatus;
830 2280 921 2361 quod
945 2281 971 2342 si
988 2281 1074 2342 dica-

113 2390 160 2445 tur
181 2388 271 2468 quod
294 2387 595 2450 excommunicatio
619 2407 684 2449 non
709 2386 825 2448 transit
848 2387 906 2449 nisi
921 2407 977 2468 per
990 2387 1070 2448 dioe-

116 2492 205 2554 cesim
229 2495 402 2568 Parisien,
438 2494 480 2555 ad
516 2494 624 2556 minus
659 2494 797 2557 habetur
828 2494 918 2575 quod
948 2502 1075 2556 senten-

114 2595 156 2657 tia
176 2608 222 2661 est
244 2610 406 2683 suspecta,
422 2600 497 2682 quia
510 2600 542 2662 in
559 2600 768 2662 universitate
784 2600 919 2661 solemni
936 2609 985 2662 est
1000 2621 1075 2662 con-

116 2701 272 2770 demnata.

175 2807 244 2879 Est
270 2831 365 2901 ergo
395 2810 532 2898 opinio
566 2808 719 2879 Thoona
743 2823 778 2893 p.
804 2832 834 2875 Ι.
858 2835 887 2893 q.
908 2830 964 2895 52.
988 2834 1019 2874 a.
1044 2832 1074 2875 Ι.

116 2917 167 2995 qui
188 2919 263 2983 dicit
286 2922 379 3003 quod
409 2921 545 3002 angelus
577 2929 624 2982 est
648 2920 681 2980 in
705 2920 777 2982 loco
802 2940 860 3001 per
890 2920 1076 3000 applicatio·

118 3040 182 3085 nom
204 3046 270 3089 suae
295 3026 423 3089 virtutis
446 3027 488 3088 ad
512 3027 633 3090 locum.

180 3129 297 3197 Contra
315 3135 416 3196 istam
441 3133 633 3214 opinionem,
650 3132 727 3215 quia
750 3132 820 3214 ipsa
843 3132 971 3195 videtur
987 3134 1074 3195 idem

118 3232 221 3314 dicere,
251 3241 327 3304 licet
358 3240 419 3302 sub
450 3240 513 3303 alio
551 3240 726 3314 vocabulo,
758 3259 838 3301 cum
870 3240 1075 3321 praecedente

117 3343 268 3423 opinione,
292 3347 370 3429 quia
392 3345 567 3427 applicatio
589 3356 646 3408 aut
677 3345 755 3408 dicit
786 3355 898 3408 actum
929 3346 1074 3427 primum

120 3457 169 3511 aut
189 3462 296 3517 actum
313 3454 505 3537 secundum.
530 3452 606 3515 Non
638 3452 792 3534 primum,
829 3462 866 3514 ut
903 3460 1014 3535 patet;
1048 3452 1075 3515 si

119 3572 187 3618 vero
198 3560 272 3624 dicit
283 3570 397 3624 actum
410 3559 602 3634 secundum,
615 3570 737 3633 contro,
759 3559 837 3640 quia
861 3560 911 3621 vel
939 3566 987 3620 est
1002 3579 1076 3640 ope-

125 3663 196 3726 ratio
206 3668 363 3731 transiens
383 3674 440 3728 aut
464 3666 663 3746 immanens;
689 3686 755 3728 non
783 3665 973 3737 immanens
998 3664 1076 3745 quia
