2634 4267
300 267 484 330 Drs'rmce.
509 268 654 329 XXVIII
680 267 857 349 QUAEST.I
1005 269 1064 346 365

108 475 248 556 quibus
272 473 350 536 dicit
373 473 564 554 ApostoluS,
590 494 655 535 non
680 473 836 535 haberent
859 474 965 554 legem
994 473 1096 556 scrip«

107 590 204 655 tam,
232 580 406 642 servabant
429 590 540 641 tamen
564 581 669 661 legem
694 590 828 655 naturae,
853 589 885 642 et
909 580 941 641 in
964 601 1002 643 ea
1037 580 1092 642 ha·
1127 580 1130 586 '

110 689 252 751 bebant
276 687 428 768 gratiam,
453 686 536 748 sicut
558 696 648 768 patet
670 688 712 749 de
735 688 807 767 Job.

191 794 257 856 Ad
275 794 462 868 seeundum,
487 794 513 854 si
536 815 612 855 vera
634 803 683 856 est
706 794 816 875 opinio
838 811 870 877 4.
901 804 975 868 art„
1000 803 1096 874 patet·

112 902 219 985 quod
244 909 353 981 potest
376 900 529 962 desistere
552 901 595 962 ob
619 901 709 962 omni
732 909 876 982 peccato,
891 909 927 962 ut
938 910 987 963 est
998 910 1091 964 actus

113 1009 163 1071 de
190 1027 282 1069 novo
305 1005 497 1086 eliciendus;
521 1008 577 1069 sed
601 1027 667 1069 non
691 1015 799 1088 potest
822 1027 878 1088 per
894 1028 928 1075 se
940 1007 1097 1070 desistere-

115 1136 138 1177 a
165 1112 378 1176 deformitate
401 1113 552 1176 derelicta
575 1133 619 1174 ex
653 1122 789 1193 peccato
816 1114 1022 1195 praecedenti.
1046 1150 1097 1166 -

116 1221 238 1284 Aliter
273 1228 396 1301 potest·
413 1220 475 1281 dici
510 1220 676 1301 sequendo
710 1220 850 1301 primam
891 1220 1095 1301 opinionem,

77 1369 81 1375 -
118 1327 221 1410 quod
245 1328 352 1409 masor
376 1335 502 1387 nonest
517 1346 592 1387 vera
604 1347 665 1407 pro
677 1335 762 1388 statu
776 1335 901 1388 naturae
915 1336 1094 1408 corruptae,

195 1432 257 1495 Ad
276 1432 406 1495 tertium
430 1432 504 1495 dico
526 1433 616 1513 quod
640 1442 748 1513 potest
770 1433 872 1495 vitare
887 1434 1028 1515 aliquem
1042 1455 1091 1495 ac-

119 1551 200 1603 tum
226 1540 376 1622 quamvis
407 1560 472 1601 non
496 1539 734 1601 deformitatem
764 1548 856 1601 actus
879 1541 1098 1621 praecedentis.

120 1646 265 1731 peccati.
289 1682 333 1693 —
356 1645 463 1708 Aliter
497 1646 614 1708 dicitur
648 1646 800 1727 negando
833 1648 1090 1728 consequentiam

122 1753 265 1818 secundi
284 1752 429 1815 membri.
454 1752 539 1817 Cum
569 1754 726 1834 probatur
760 1774 817 1835 per
851 1752 1096 1835 Augustinum„

124 1860 220 1943 quod
244 1860 352 1921 nullus
375 1868 488 1941 peccat
511 1859 544 1922 in
560 1880 599 1921 eo
622 1860 713 1941 quod
736 1860 838 1921 vitare
872 1881 938 1921 non
973 1870 1089 1941 potest,

125 1966 326 2039 conceditur,
352 1966 377 2026 si
402 1986 468 2027 non
492 1966 582 2027 dabit
604 1986 647 2028 ex
671 1976 763 2047 parte
786 1987 844 2028 sua
868 1986 1011 2041 causam,
1032 1968 1093 2029 sed

126 2073 200 2136 talis
223 2072 313 2134 dedit
336 2093 467 2134 cau-sam
479 2094 487 2150 3
511 2093 600 2154 ergo,
