<?xml version="1.0" encoding="UTF-8"?>
<!DOCTYPE html PUBLIC "-//W3C//DTD XHTML 1.0 Transitional//EN"
    "http://www.w3.org/TR/xhtml1/DTD/xhtml1-transitional.dtd">
<html xmlns="http://www.w3.org/1999/xhtml" xml:lang="en" lang="en">
 <head>
  <title>
</title>
<meta http-equiv="Content-Type" content="text/html;charset=utf-8" />
  <meta name='ocr-system' content='tesseract 3.04.00' />
  <meta name='ocr-capabilities' content='ocr_page ocr_carea ocr_par ocr_line ocrx_word'/>
</head>
<body>
  <div class='ocr_page' id='page_1' title='image "./commentariainli00scotgoog_0275.png"; bbox 0 0 2634 4267; ppageno 0'>
   <div class='ocr_carea' id='block_1_1' title="bbox 344 218 1065 300">
    <p class='ocr_par' dir='ltr' id='par_1_1' title="bbox 344 218 1065 300">
     <span class='ocr_line' id='line_1_1' title="bbox 344 218 1065 300; baseline 0.006 -20"><span class='ocrx_word' id='word_1_1' title='bbox 344 219 535 282; x_wconf 71' lang='lat' dir='ltr'><strong>Drsmrcn</strong></span> <span class='ocrx_word' id='word_1_2' title='bbox 556 219 623 282; x_wconf 90' lang='lat' dir='ltr'><strong>XV</strong></span> <span class='ocrx_word' id='word_1_3' title='bbox 648 218 797 300; x_wconf 62' lang='lat' dir='ltr'><strong>Quasi„</strong></span> <span class='ocrx_word' id='word_1_4' title='bbox 819 222 833 283; x_wconf 93' lang='lat'>1</span> <span class='ocrx_word' id='word_1_5' title='bbox 1003 223 1065 300; x_wconf 84' lang='lat'><strong>263</strong></span> 
     </span>
    </p>
   </div>
   <div class='ocr_carea' id='block_1_2' title="bbox 116 425 1095 3712">
    <p class='ocr_par' dir='ltr' id='par_1_2' title="bbox 116 425 1091 1236">
     <span class='ocr_line' id='line_1_2' title="bbox 118 425 1091 508; baseline 0.002 -22"><span class='ocrx_word' id='word_1_6' title='bbox 118 425 174 487; x_wconf 94' lang='lat' dir='ltr'><strong>Et</strong></span> <span class='ocrx_word' id='word_1_7' title='bbox 196 425 270 488; x_wconf 91' lang='lat' dir='ltr'><strong>licet</strong></span> <span class='ocrx_word' id='word_1_8' title='bbox 292 426 491 488; x_wconf 88' lang='lat' dir='ltr'><strong>elementum</strong></span> <span class='ocrx_word' id='word_1_9' title='bbox 514 426 706 489; x_wconf 87' lang='lat' dir='ltr'><strong>determinet</strong></span> <span class='ocrx_word' id='word_1_10' title='bbox 729 426 788 490; x_wconf 91' lang='lat' dir='ltr'><strong>sibi</strong></span> <span class='ocrx_word' id='word_1_11' title='bbox 823 427 965 508; x_wconf 86' lang='lat' dir='ltr'>aliquam</span> <span class='ocrx_word' id='word_1_12' title='bbox 989 427 1091 508; x_wconf 89' lang='lat' dir='ltr'><strong>quali-</strong></span> 
     </span>
     <span class='ocr_line' id='line_1_3' title="bbox 116 531 1088 615; baseline 0.003 -21"><span class='ocrx_word' id='word_1_13' title='bbox 116 540 240 606; x_wconf 85' lang='lat' dir='ltr'><strong>tatem,</strong></span> <span class='ocrx_word' id='word_1_14' title='bbox 266 531 364 594; x_wconf 87' lang='lat' dir='ltr'><strong>habet</strong></span> <span class='ocrx_word' id='word_1_15' title='bbox 385 541 592 614; x_wconf 85' lang='lat' dir='ltr'><strong>tameneam</strong></span> <span class='ocrx_word' id='word_1_16' title='bbox 614 534 677 596; x_wconf 91' lang='lat' dir='ltr'><strong>sub</strong></span> <span class='ocrx_word' id='word_1_17' title='bbox 700 534 843 615; x_wconf 86' lang='lat' dir='ltr'><strong>quadam</strong></span> <span class='ocrx_word' id='word_1_18' title='bbox 860 533 1038 608; x_wconf 87' lang='lat' dir='ltr'><strong>latitudine,</strong></span> <span class='ocrx_word' id='word_1_19' title='bbox 1055 544 1088 597; x_wconf 92' lang='lat' dir='ltr'><strong>et</strong></span> 
     </span>
     <span class='ocr_line' id='line_1_4' title="bbox 118 640 1089 722; baseline 0.003 -22"><span class='ocrx_word' id='word_1_20' title='bbox 118 659 194 701; x_wconf 92' lang='lat' dir='ltr'><strong>non</strong></span> <span class='ocrx_word' id='word_1_21' title='bbox 217 647 266 700; x_wconf 90' lang='lat' dir='ltr'><strong>est</strong></span> <span class='ocrx_word' id='word_1_22' title='bbox 289 659 459 720; x_wconf 86' lang='lat' dir='ltr'><strong>processus</strong></span> <span class='ocrx_word' id='word_1_23' title='bbox 493 640 577 702; x_wconf 92' lang='lat' dir='ltr'><strong>ultra</strong></span> <span class='ocrx_word' id='word_1_24' title='bbox 599 640 642 703; x_wconf 91' lang='lat' dir='ltr'><strong>ad</strong></span> <span class='ocrx_word' id='word_1_25' title='bbox 678 640 819 722; x_wconf 85' lang='lat' dir='ltr'><strong>aliquem</strong></span> <span class='ocrx_word' id='word_1_26' title='bbox 855 640 1006 722; x_wconf 87' lang='lat' dir='ltr'><strong>gradum,</strong></span> <span class='ocrx_word' id='word_1_27' title='bbox 1045 640 1089 703; x_wconf 83' lang='lat' dir='ltr'><strong>ita</strong></span> 
     </span>
     <span class='ocr_line' id='line_1_5' title="bbox 116 745 1090 829; baseline 0.003 -23"><span class='ocrx_word' id='word_1_28' title='bbox 116 745 218 826; x_wconf 91' lang='lat' dir='ltr'><strong>quod</strong></span> <span class='ocrx_word' id='word_1_29' title='bbox 243 765 309 807; x_wconf 92' lang='lat' dir='ltr'><strong>non</strong></span> <span class='ocrx_word' id='word_1_30' title='bbox 332 754 439 828; x_wconf 89' lang='lat' dir='ltr'><strong>potest</strong></span> <span class='ocrx_word' id='word_1_31' title='bbox 462 746 507 808; x_wconf 91' lang='lat' dir='ltr'><strong>ab</strong></span> <span class='ocrx_word' id='word_1_32' title='bbox 529 747 619 809; x_wconf 91' lang='lat' dir='ltr'><strong>omni</strong></span> <span class='ocrx_word' id='word_1_33' title='bbox 643 747 747 829; x_wconf 88' lang='lat' dir='ltr'><strong>gradu</strong></span> <span class='ocrx_word' id='word_1_34' title='bbox 772 747 911 828; x_wconf 91' lang='lat' dir='ltr'><strong>spoliari.</strong></span> <span class='ocrx_word' id='word_1_35' title='bbox 936 747 981 809; x_wconf 91' lang='lat' dir='ltr'><strong>Et</strong></span> <span class='ocrx_word' id='word_1_36' title='bbox 997 747 1090 809; x_wconf 89' lang='lat' dir='ltr'><strong>sicli-</strong></span> 
     </span>
     <span class='ocr_line' id='line_1_6' title="bbox 116 852 1089 934; baseline 0.001 -20"><span class='ocrx_word' id='word_1_37' title='bbox 116 861 178 914; x_wconf 91' lang='lat' dir='ltr'><strong>cet</strong></span> <span class='ocrx_word' id='word_1_38' title='bbox 200 872 321 934; x_wconf 91' lang='lat' dir='ltr'><strong>corpus</strong></span> <span class='ocrx_word' id='word_1_39' title='bbox 343 852 445 933; x_wconf 91' lang='lat' dir='ltr'><strong>possit</strong></span> <span class='ocrx_word' id='word_1_40' title='bbox 468 872 536 916; x_wconf 88' lang='lat' dir='ltr'><strong>esse</strong></span> <span class='ocrx_word' id='word_1_41' title='bbox 559 853 627 916; x_wconf 90' lang='lat' dir='ltr'><strong>sine</strong></span> <span class='ocrx_word' id='word_1_42' title='bbox 649 853 713 916; x_wconf 90' lang='lat' dir='ltr'><strong>hoc</strong></span> <span class='ocrx_word' id='word_1_43' title='bbox 740 855 791 916; x_wconf 89' lang='lat' dir='ltr'><strong>vel</strong></span> <span class='ocrx_word' id='word_1_44' title='bbox 826 854 881 917; x_wconf 93' lang='lat' dir='ltr'><strong>illo</strong></span> <span class='ocrx_word' id='word_1_45' title='bbox 904 855 988 934; x_wconf 81' lang='lat' dir='ltr'><strong>locO,</strong></span> <span class='ocrx_word' id='word_1_46' title='bbox 1024 874 1089 916; x_wconf 92' lang='lat' dir='ltr'><strong>non</strong></span> 
     </span>
     <span class='ocr_line' id='line_1_7' title="bbox 116 959 1091 1043; baseline 0.001 -22"><span class='ocrx_word' id='word_1_47' title='bbox 116 969 240 1021; x_wconf 89' lang='lat' dir='ltr'><strong>tamen</strong></span> <span class='ocrx_word' id='word_1_48' title='bbox 263 959 331 1021; x_wconf 90' lang='lat' dir='ltr'><strong>sine</strong></span> <span class='ocrx_word' id='word_1_49' title='bbox 353 960 443 1021; x_wconf 91' lang='lat' dir='ltr'><strong>omni</strong></span> <span class='ocrx_word' id='word_1_50' title='bbox 467 960 548 1022; x_wconf 93' lang='lat' dir='ltr'><strong>loco.</strong></span> <span class='ocrx_word' id='word_1_51' title='bbox 574 960 746 1043; x_wconf 83' lang='lat' dir='ltr'><strong>Quidquid</strong></span> <span class='ocrx_word' id='word_1_52' title='bbox 770 970 881 1023; x_wconf 87' lang='lat' dir='ltr'><strong>tamen</strong></span> <span class='ocrx_word' id='word_1_53' title='bbox 905 961 946 1023; x_wconf 92' lang='lat' dir='ltr'><strong>sit</strong></span> <span class='ocrx_word' id='word_1_54' title='bbox 977 961 1017 1023; x_wconf 90' lang='lat' dir='ltr'><strong>de</strong></span> <span class='ocrx_word' id='word_1_55' title='bbox 1041 981 1091 1022; x_wconf 92' lang='lat' dir='ltr'><strong>ra-</strong></span> 
     </span>
     <span class='ocr_line' id='line_1_8' title="bbox 116 1065 1089 1149; baseline 0.001 -21"><span class='ocrx_word' id='word_1_56' title='bbox 116 1067 216 1129; x_wconf 90' lang='lat' dir='ltr'><strong>tione</strong></span> <span class='ocrx_word' id='word_1_57' title='bbox 240 1066 377 1147; x_wconf 88' lang='lat' dir='ltr'><strong>ipsemet</strong></span> <span class='ocrx_word' id='word_1_58' title='bbox 401 1065 518 1130; x_wconf 89' lang='lat' dir='ltr'><strong>Scotus</strong></span> <span class='ocrx_word' id='word_1_59' title='bbox 541 1067 619 1130; x_wconf 91' lang='lat' dir='ltr'><strong>dicit</strong></span> <span class='ocrx_word' id='word_1_60' title='bbox 644 1067 735 1148; x_wconf 94' lang='lat' dir='ltr'><strong>quod</strong></span> <span class='ocrx_word' id='word_1_61' title='bbox 772 1068 883 1149; x_wconf 92' lang='lat' dir='ltr'><strong>opinio</strong></span> <span class='ocrx_word' id='word_1_62' title='bbox 907 1067 1089 1130; x_wconf 84' lang='lat' dir='ltr'><strong>Avicennae</strong></span> 
     </span>
     <span class='ocr_line' id='line_1_9' title="bbox 117 1171 280 1236; baseline 0 -1"><span class='ocrx_word' id='word_1_63' title='bbox 117 1173 165 1235; x_wconf 91' lang='lat' dir='ltr'><strong>sit</strong></span> <span class='ocrx_word' id='word_1_64' title='bbox 189 1171 280 1236; x_wconf 86' lang='lat' dir='ltr'><strong>falsa.</strong></span> 
     </span>
    </p>

    <p class='ocr_par' dir='ltr' id='par_1_3' title="bbox 117 1279 1093 2217">
     <span class='ocr_line' id='line_1_10' title="bbox 199 1279 1092 1363; baseline 0.001 -21"><span class='ocrx_word' id='word_1_65' title='bbox 199 1281 309 1342; x_wconf 77' lang='lat' dir='ltr'><strong>Tertia</strong></span> <span class='ocrx_word' id='word_1_66' title='bbox 332 1289 380 1342; x_wconf 81' lang='lat' dir='ltr'><strong>est</strong></span> <span class='ocrx_word' id='word_1_67' title='bbox 400 1279 507 1361; x_wconf 82' lang='lat' dir='ltr'><strong>opinio</strong></span> <span class='ocrx_word' id='word_1_68' title='bbox 531 1279 717 1344; x_wconf 86' lang='lat' dir='ltr'><strong>Comment.</strong></span> <span class='ocrx_word' id='word_1_69' title='bbox 742 1281 799 1343; x_wconf 83' lang='lat' dir='ltr'><strong>ubi</strong></span> <span class='ocrx_word' id='word_1_70' title='bbox 819 1290 933 1362; x_wconf 81' lang='lat' dir='ltr'><strong>supra,</strong></span> <span class='ocrx_word' id='word_1_71' title='bbox 963 1280 1019 1362; x_wconf 92' lang='lat' dir='ltr'><strong>qui</strong></span> <span class='ocrx_word' id='word_1_72' title='bbox 1036 1302 1092 1363; x_wconf 94' lang='lat' dir='ltr'><strong>po-</strong></span> 
     </span>
     <span class='ocr_line' id='line_1_11' title="bbox 118 1372 1091 1469; baseline 0 -19"><span class='ocrx_word' id='word_1_73' title='bbox 118 1388 174 1450; x_wconf 89' lang='lat' dir='ltr'><strong>nit</strong></span> <span class='ocrx_word' id='word_1_74' title='bbox 190 1387 283 1469; x_wconf 91' lang='lat' dir='ltr'><strong>quod</strong></span> <span class='ocrx_word' id='word_1_75' title='bbox 305 1386 466 1450; x_wconf 89' lang='lat' dir='ltr'><strong>elementa</strong></span> <span class='ocrx_word' id='word_1_76' title='bbox 483 1372 624 1450; x_wconf 25' lang='lat' dir='ltr'><strong>manent*</strong></span> <span class='ocrx_word' id='word_1_77' title='bbox 638 1387 670 1449; x_wconf 93' lang='lat' dir='ltr'><strong>in</strong></span> <span class='ocrx_word' id='word_1_78' title='bbox 688 1388 794 1450; x_wconf 90' lang='lat' dir='ltr'><strong>mixto</strong></span> <span class='ocrx_word' id='word_1_79' title='bbox 818 1388 997 1451; x_wconf 90' lang='lat' dir='ltr'><strong>secundum</strong></span> <span class='ocrx_word' id='word_1_80' title='bbox 1018 1409 1091 1450; x_wconf 90' lang='lat' dir='ltr'><strong>suas</strong></span> 
     </span>
     <span class='ocr_line' id='line_1_12' title="bbox 118 1493 1091 1576; baseline 0 -20"><span class='ocrx_word' id='word_1_81' title='bbox 118 1494 251 1557; x_wconf 86' lang='lat' dir='ltr'><strong>formas</strong></span> <span class='ocrx_word' id='word_1_82' title='bbox 273 1494 499 1556; x_wconf 84' lang='lat' dir='ltr'><strong>substantiales</strong></span> <span class='ocrx_word' id='word_1_83' title='bbox 533 1494 681 1556; x_wconf 87' lang='lat' dir='ltr'><strong>remissas</strong></span> <span class='ocrx_word' id='word_1_84' title='bbox 704 1495 771 1556; x_wconf 87' lang='lat' dir='ltr'><strong>sive</strong></span> <span class='ocrx_word' id='word_1_85' title='bbox 805 1493 968 1566; x_wconf 68' lang='lat' dir='ltr'><strong>retractas</strong></span> <span class='ocrx_word' id='word_1_86' title='bbox 1001 1496 1091 1576; x_wconf 92' lang='lat' dir='ltr'><strong>quod</strong></span> 
     </span>
     <span class='ocr_line' id='line_1_13' title="bbox 119 1600 1092 1684; baseline -0.002 -20"><span class='ocrx_word' id='word_1_87' title='bbox 119 1602 303 1683; x_wconf 91' lang='lat' dir='ltr'><strong>probatur:</strong></span> <span class='ocrx_word' id='word_1_88' title='bbox 329 1600 444 1663; x_wconf 79' lang='lat' dir='ltr'><strong>Primo</strong></span> <span class='ocrx_word' id='word_1_89' title='bbox 467 1621 524 1682; x_wconf 88' lang='lat' dir='ltr'><strong>per</strong></span> <span class='ocrx_word' id='word_1_90' title='bbox 547 1601 783 1684; x_wconf 89' lang='lat' dir='ltr'><strong>Philosophum</strong></span> <span class='ocrx_word' id='word_1_91' title='bbox 803 1621 838 1684; x_wconf 75' lang='lat'><strong>5.</strong></span> <span class='ocrx_word' id='word_1_92' title='bbox 863 1601 1011 1683; x_wconf 79' lang='lat' dir='ltr'><strong>Metaph.</strong></span> <span class='ocrx_word' id='word_1_93' title='bbox 1036 1603 1092 1683; x_wconf 93' lang='lat' dir='ltr'><strong>qui</strong></span> 
     </span>
     <span class='ocr_line' id='line_1_14' title="bbox 117 1707 1085 1791; baseline -0.001 -20"><span class='ocrx_word' id='word_1_94' title='bbox 117 1708 204 1771; x_wconf 90' lang='lat' dir='ltr'><strong>dicit</strong></span> <span class='ocrx_word' id='word_1_95' title='bbox 226 1707 318 1789; x_wconf 94' lang='lat' dir='ltr'><strong>quod</strong></span> <span class='ocrx_word' id='word_1_96' title='bbox 341 1707 539 1770; x_wconf 89' lang='lat' dir='ltr'><strong>elementum</strong></span> <span class='ocrx_word' id='word_1_97' title='bbox 562 1717 611 1770; x_wconf 93' lang='lat' dir='ltr'><strong>est</strong></span> <span class='ocrx_word' id='word_1_98' title='bbox 640 1729 684 1771; x_wconf 89' lang='lat' dir='ltr'><strong>ex</strong></span> <span class='ocrx_word' id='word_1_99' title='bbox 707 1729 774 1790; x_wconf 91' lang='lat' dir='ltr'><strong>quo</strong></span> <span class='ocrx_word' id='word_1_100' title='bbox 804 1709 1012 1791; x_wconf 90' lang='lat' dir='ltr'><strong>componitur</strong></span> <span class='ocrx_word' id='word_1_101' title='bbox 1037 1729 1085 1771; x_wconf 90' lang='lat' dir='ltr'><strong>res</strong></span> 
     </span>
     <span class='ocr_line' id='line_1_15' title="bbox 119 1813 1093 1889; baseline -0.001 -12"><span class='ocrx_word' id='word_1_102' title='bbox 119 1825 156 1878; x_wconf 91' lang='lat' dir='ltr'><strong>et</strong></span> <span class='ocrx_word' id='word_1_103' title='bbox 181 1823 296 1877; x_wconf 89' lang='lat' dir='ltr'><strong>manet</strong></span> <span class='ocrx_word' id='word_1_104' title='bbox 318 1814 351 1876; x_wconf 93' lang='lat' dir='ltr'><strong>in</strong></span> <span class='ocrx_word' id='word_1_105' title='bbox 375 1835 418 1876; x_wconf 91' lang='lat' dir='ltr'><strong>re.</strong></span> <span class='ocrx_word' id='word_1_106' title='bbox 444 1813 598 1889; x_wconf 83' lang='lat' dir='ltr'><strong>Secundo,</strong></span> <span class='ocrx_word' id='word_1_107' title='bbox 622 1815 648 1877; x_wconf 91' lang='lat' dir='ltr'><strong>si</strong></span> <span class='ocrx_word' id='word_1_108' title='bbox 671 1815 832 1878; x_wconf 88' lang='lat' dir='ltr'><strong>elementa</strong></span> <span class='ocrx_word' id='word_1_109' title='bbox 868 1836 934 1877; x_wconf 90' lang='lat' dir='ltr'><strong>non</strong></span> <span class='ocrx_word' id='word_1_110' title='bbox 959 1824 1093 1877; x_wconf 88' lang='lat' dir='ltr'><strong>manent</strong></span> 
     </span>
     <span class='ocr_line' id='line_1_16' title="bbox 120 1921 1092 2003; baseline -0.003 -18"><span class='ocrx_word' id='word_1_111' title='bbox 120 1924 156 1985; x_wconf 91' lang='lat' dir='ltr'><strong>in</strong></span> <span class='ocrx_word' id='word_1_112' title='bbox 183 1922 303 1996; x_wconf 88' lang='lat' dir='ltr'><strong>mixto,</strong></span> <span class='ocrx_word' id='word_1_113' title='bbox 327 1921 472 2002; x_wconf 91' lang='lat' dir='ltr'><strong>sequitur</strong></span> <span class='ocrx_word' id='word_1_114' title='bbox 495 1922 584 2003; x_wconf 89' lang='lat' dir='ltr'><strong>quod</strong></span> <span class='ocrx_word' id='word_1_115' title='bbox 609 1921 743 1984; x_wconf 88' lang='lat' dir='ltr'><strong>materia</strong></span> <span class='ocrx_word' id='word_1_116' title='bbox 767 1922 872 2003; x_wconf 87' lang='lat' dir='ltr'><strong>prima</strong></span> <span class='ocrx_word' id='word_1_117' title='bbox 905 1922 1092 1984; x_wconf 86' lang='lat' dir='ltr'><strong>immediate</strong></span> 
     </span>
     <span class='ocr_line' id='line_1_17' title="bbox 121 2026 1091 2111; baseline -0.001 -21"><span class='ocrx_word' id='word_1_118' title='bbox 121 2029 285 2111; x_wconf 90' lang='lat' dir='ltr'><strong>reciperet</strong></span> <span class='ocrx_word' id='word_1_119' title='bbox 308 2048 441 2090; x_wconf 88' lang='lat' dir='ltr'><strong>omnem</strong></span> <span class='ocrx_word' id='word_1_120' title='bbox 464 2026 604 2090; x_wconf 78' lang='lat' dir='ltr'><strong>formam</strong></span> <span class='ocrx_word' id='word_1_121' title='bbox 627 2028 696 2090; x_wconf 88' lang='lat' dir='ltr'><strong>sine</strong></span> <span class='ocrx_word' id='word_1_122' title='bbox 712 2029 833 2103; x_wconf 85' lang='lat' dir='ltr'><strong>ordine,</strong></span> <span class='ocrx_word' id='word_1_123' title='bbox 858 2030 948 2110; x_wconf 91' lang='lat' dir='ltr'><strong>quod</strong></span> <span class='ocrx_word' id='word_1_124' title='bbox 971 2038 1020 2091; x_wconf 90' lang='lat' dir='ltr'><strong>est</strong></span> <span class='ocrx_word' id='word_1_125' title='bbox 1036 2026 1091 2090; x_wconf 86' lang='lat' dir='ltr'><strong>fal-</strong></span> 
     </span>
     <span class='ocr_line' id='line_1_18' title="bbox 121 2133 1090 2217; baseline -0.004 -18"><span class='ocrx_word' id='word_1_126' title='bbox 121 2157 212 2199; x_wconf 87' lang='lat' dir='ltr'><strong>sum.</strong></span> <span class='ocrx_word' id='word_1_127' title='bbox 238 2134 363 2217; x_wconf 84' lang='lat' dir='ltr'><strong>Arguit</strong></span> <span class='ocrx_word' id='word_1_128' title='bbox 384 2135 472 2197; x_wconf 91' lang='lat' dir='ltr'><strong>enim</strong></span> <span class='ocrx_word' id='word_1_129' title='bbox 504 2133 689 2198; x_wconf 88' lang='lat' dir='ltr'><strong>Comment.</strong></span> <span class='ocrx_word' id='word_1_130' title='bbox 715 2145 828 2197; x_wconf 91' lang='lat' dir='ltr'><strong>contra</strong></span> <span class='ocrx_word' id='word_1_131' title='bbox 851 2156 885 2197; x_wconf 92' lang='lat' dir='ltr'><strong>se</strong></span> <span class='ocrx_word' id='word_1_132' title='bbox 908 2135 1090 2217; x_wconf 86' lang='lat' dir='ltr'><strong>tripliciter:</strong></span> 
     </span>
    </p>

    <p class='ocr_par' dir='ltr' id='par_1_4' title="bbox 121 2240 1090 2422">
     <span class='ocr_line' id='line_1_19' title="bbox 193 2240 1090 2322; baseline -0.001 -18"><span class='ocrx_word' id='word_1_133' title='bbox 193 2242 321 2313; x_wconf 78' lang='lat' dir='ltr'><strong>Prima,</strong></span> <span class='ocrx_word' id='word_1_134' title='bbox 338 2241 505 2322; x_wconf 92' lang='lat' dir='ltr'><strong>quiatunc</strong></span> <span class='ocrx_word' id='word_1_135' title='bbox 528 2240 633 2303; x_wconf 78' lang='lat' dir='ltr'><strong>forma</strong></span> <span class='ocrx_word' id='word_1_136' title='bbox 647 2242 743 2303; x_wconf 88' lang='lat' dir='ltr'><strong>mixti</strong></span> <span class='ocrx_word' id='word_1_137' title='bbox 766 2242 934 2304; x_wconf 89' lang='lat' dir='ltr'><strong>adveniret</strong></span> <span class='ocrx_word' id='word_1_138' title='bbox 969 2241 1035 2304; x_wconf 90' lang='lat' dir='ltr'><strong>enti</strong></span> <span class='ocrx_word' id='word_1_139' title='bbox 1059 2241 1090 2303; x_wconf 92' lang='lat' dir='ltr'><strong>in</strong></span> 
     </span>
     <span class='ocr_line' id='line_1_20' title="bbox 121 2347 963 2422; baseline -0.004 -11"><span class='ocrx_word' id='word_1_140' title='bbox 121 2359 202 2413; x_wconf 88' lang='lat' dir='ltr'><strong>actu</strong></span> <span class='ocrx_word' id='word_1_141' title='bbox 227 2347 365 2422; x_wconf 86' lang='lat' dir='ltr'><strong>formali,</strong></span> <span class='ocrx_word' id='word_1_142' title='bbox 389 2349 489 2411; x_wconf 88' lang='lat' dir='ltr'><strong>etsie</strong></span> <span class='ocrx_word' id='word_1_143' title='bbox 513 2357 595 2410; x_wconf 90' lang='lat' dir='ltr'><strong>esset</strong></span> <span class='ocrx_word' id='word_1_144' title='bbox 618 2347 724 2410; x_wconf 86' lang='lat' dir='ltr'><strong>forma</strong></span> <span class='ocrx_word' id='word_1_145' title='bbox 748 2348 963 2410; x_wconf 90' lang='lat' dir='ltr'><strong>accidentalis.</strong></span> 
     </span>
    </p>

    <p class='ocr_par' dir='ltr' id='par_1_5' title="bbox 122 2453 1093 2732">
     <span class='ocr_line' id='line_1_21' title="bbox 194 2453 1093 2536; baseline -0.002 -19"><span class='ocrx_word' id='word_1_146' title='bbox 194 2454 353 2527; x_wconf 82' lang='lat' dir='ltr'><strong>Secundo,</strong></span> <span class='ocrx_word' id='word_1_147' title='bbox 388 2454 466 2536; x_wconf 90' lang='lat' dir='ltr'><strong>quia</strong></span> <span class='ocrx_word' id='word_1_148' title='bbox 488 2454 567 2517; x_wconf 90' lang='lat' dir='ltr'><strong>nulli</strong></span> <span class='ocrx_word' id='word_1_149' title='bbox 590 2453 706 2516; x_wconf 83' lang='lat' dir='ltr'><strong>formae</strong></span> <span class='ocrx_word' id='word_1_150' title='bbox 738 2455 892 2517; x_wconf 88' lang='lat' dir='ltr'><strong>convenit</strong></span> <span class='ocrx_word' id='word_1_151' title='bbox 915 2454 1037 2516; x_wconf 90' lang='lat' dir='ltr'><strong>intendi</strong></span> <span class='ocrx_word' id='word_1_152' title='bbox 1061 2463 1093 2516; x_wconf 92' lang='lat' dir='ltr'><strong>et</strong></span> 
     </span>
     <span class='ocr_line' id='line_1_22' title="bbox 123 2559 1093 2644; baseline -0.001 -21"><span class='ocrx_word' id='word_1_153' title='bbox 123 2562 247 2626; x_wconf 88' lang='lat' dir='ltr'><strong>remitti</strong></span> <span class='ocrx_word' id='word_1_154' title='bbox 273 2561 332 2622; x_wconf 92' lang='lat' dir='ltr'><strong>nisi</strong></span> <span class='ocrx_word' id='word_1_155' title='bbox 355 2559 470 2623; x_wconf 83' lang='lat' dir='ltr'><strong>formae</strong></span> <span class='ocrx_word' id='word_1_156' title='bbox 493 2561 702 2638; x_wconf 81' lang='lat' dir='ltr'><strong>accidentali3</strong></span> <span class='ocrx_word' id='word_1_157' title='bbox 726 2582 807 2644; x_wconf 86' lang='lat' dir='ltr'><strong>ergo</strong></span> <span class='ocrx_word' id='word_1_158' title='bbox 828 2559 932 2623; x_wconf 85' lang='lat' dir='ltr'><strong>forma</strong></span> <span class='ocrx_word' id='word_1_159' title='bbox 956 2561 1093 2623; x_wconf 88' lang='lat' dir='ltr'><strong>elemen-</strong></span> 
     </span>
     <span class='ocr_line' id='line_1_23' title="bbox 122 2667 553 2732; baseline -0.009 0"><span class='ocrx_word' id='word_1_160' title='bbox 122 2670 204 2732; x_wconf 89' lang='lat' dir='ltr'><strong>taris</strong></span> <span class='ocrx_word' id='word_1_161' title='bbox 228 2676 314 2730; x_wconf 90' lang='lat' dir='ltr'><strong>esset</strong></span> <span class='ocrx_word' id='word_1_162' title='bbox 336 2667 553 2730; x_wconf 87' lang='lat' dir='ltr'><strong>accidentalis.</strong></span> 
     </span>
    </p>

    <p class='ocr_par' dir='ltr' id='par_1_6' title="bbox 124 2774 1094 3186">
     <span class='ocr_line' id='line_1_24' title="bbox 199 2774 1092 2863; baseline -0.003 -25"><span class='ocrx_word' id='word_1_163' title='bbox 199 2775 317 2846; x_wconf 76' lang='lat' dir='ltr'><strong>Tertia,</strong></span> <span class='ocrx_word' id='word_1_164' title='bbox 345 2775 544 2863; x_wconf 60' lang='lat' dir='ltr'><strong>receptivum</strong></span> <span class='ocrx_word' id='word_1_165' title='bbox 568 2774 666 2837; x_wconf 89' lang='lat' dir='ltr'><strong>debet</strong></span> <span class='ocrx_word' id='word_1_166' title='bbox 689 2774 846 2836; x_wconf 90' lang='lat' dir='ltr'><strong>denudari</strong></span> <span class='ocrx_word' id='word_1_167' title='bbox 869 2796 889 2837; x_wconf 90' lang='lat' dir='ltr'><strong>a</strong></span> <span class='ocrx_word' id='word_1_168' title='bbox 913 2784 1028 2837; x_wconf 90' lang='lat' dir='ltr'><strong>natura</strong></span> <span class='ocrx_word' id='word_1_169' title='bbox 1045 2794 1092 2836; x_wconf 90' lang='lat' dir='ltr'><strong>re-</strong></span> 
     </span>
     <span class='ocr_line' id='line_1_25' title="bbox 124 2881 1093 2966; baseline -0.002 -22"><span class='ocrx_word' id='word_1_170' title='bbox 124 2883 230 2966; x_wconf 87' lang='lat' dir='ltr'><strong>cepti;</strong></span> <span class='ocrx_word' id='word_1_171' title='bbox 256 2901 335 2963; x_wconf 88' lang='lat' dir='ltr'><strong>ergo</strong></span> <span class='ocrx_word' id='word_1_172' title='bbox 359 2889 488 2962; x_wconf 92' lang='lat' dir='ltr'><strong>oportet</strong></span> <span class='ocrx_word' id='word_1_173' title='bbox 512 2882 682 2943; x_wconf 85' lang='lat' dir='ltr'><strong>materiam</strong></span> <span class='ocrx_word' id='word_1_174' title='bbox 706 2881 857 2944; x_wconf 88' lang='lat' dir='ltr'><strong>elementi</strong></span> <span class='ocrx_word' id='word_1_175' title='bbox 894 2881 1051 2944; x_wconf 88' lang='lat' dir='ltr'><strong>denudari</strong></span> <span class='ocrx_word' id='word_1_176' title='bbox 1075 2901 1093 2942; x_wconf 91' lang='lat' dir='ltr'><strong>a</strong></span> 
     </span>
     <span class='ocr_line' id='line_1_26' title="bbox 124 2987 1094 3069; baseline -0.002 -19"><span class='ocrx_word' id='word_1_177' title='bbox 124 2988 235 3052; x_wconf 84' lang='lat' dir='ltr'><strong>forma</strong></span> <span class='ocrx_word' id='word_1_178' title='bbox 259 2987 462 3050; x_wconf 84' lang='lat' dir='ltr'><strong>substantiali</strong></span> <span class='ocrx_word' id='word_1_179' title='bbox 487 2988 618 3069; x_wconf 89' lang='lat' dir='ltr'><strong>propria</strong></span> <span class='ocrx_word' id='word_1_180' title='bbox 642 2987 668 3050; x_wconf 93' lang='lat' dir='ltr'><strong>si</strong></span> <span class='ocrx_word' id='word_1_181' title='bbox 692 2988 789 3051; x_wconf 91' lang='lat' dir='ltr'><strong>debet</strong></span> <span class='ocrx_word' id='word_1_182' title='bbox 813 3009 882 3050; x_wconf 86' lang='lat' dir='ltr'><strong>esse</strong></span> <span class='ocrx_word' id='word_1_183' title='bbox 905 2988 965 3049; x_wconf 91' lang='lat' dir='ltr'><strong>sub</strong></span> <span class='ocrx_word' id='word_1_184' title='bbox 989 2987 1094 3050; x_wconf 84' lang='lat' dir='ltr'><strong>forma</strong></span> 
     </span>
     <span class='ocr_line' id='line_1_27' title="bbox 126 3095 721 3186; baseline -0.008 -29"><span class='ocrx_word' id='word_1_185' title='bbox 126 3095 236 3159; x_wconf 86' lang='lat' dir='ltr'><strong>mixti.</strong></span> <span class='ocrx_word' id='word_1_186' title='bbox 719 3174 721 3186; x_wconf 26' lang='grc' dir='ltr'><strong>μ</strong></span> 
     </span>
    </p>

    <p class='ocr_par' dir='ltr' id='par_1_7' title="bbox 125 3201 1094 3604">
     <span class='ocr_line' id='line_1_28' title="bbox 192 3201 1093 3282; baseline -0.001 -18"><span class='ocrx_word' id='word_1_187' title='bbox 192 3201 256 3264; x_wconf 80' lang='lat' dir='ltr'><strong>Ad</strong></span> <span class='ocrx_word' id='word_1_188' title='bbox 268 3201 417 3282; x_wconf 76' lang='lat' dir='ltr'><strong>primum</strong></span> <span class='ocrx_word' id='word_1_189' title='bbox 440 3210 474 3263; x_wconf 91' lang='lat' dir='ltr'><strong>et</strong></span> <span class='ocrx_word' id='word_1_190' title='bbox 488 3203 663 3264; x_wconf 82' lang='lat' dir='ltr'><strong>secundum</strong></span> <span class='ocrx_word' id='word_1_191' title='bbox 688 3202 765 3264; x_wconf 92' lang='lat' dir='ltr'><strong>dicit</strong></span> <span class='ocrx_word' id='word_1_192' title='bbox 788 3202 878 3282; x_wconf 89' lang='lat' dir='ltr'><strong>quod</strong></span> <span class='ocrx_word' id='word_1_193' title='bbox 902 3201 1017 3263; x_wconf 84' lang='lat' dir='ltr'><strong>formae</strong></span> <span class='ocrx_word' id='word_1_194' title='bbox 1034 3203 1093 3265; x_wconf 88' lang='lat' dir='ltr'><strong>ele-</strong></span> 
     </span>
     <span class='ocr_line' id='line_1_29' title="bbox 127 3308 1094 3374; baseline -0.003 -2"><span class='ocrx_word' id='word_1_195' title='bbox 127 3319 292 3374; x_wconf 88' lang='lat' dir='ltr'><strong>mentares</strong></span> <span class='ocrx_word' id='word_1_196' title='bbox 315 3316 391 3370; x_wconf 90' lang='lat' dir='ltr'><strong>sunt</strong></span> <span class='ocrx_word' id='word_1_197' title='bbox 415 3308 530 3370; x_wconf 85' lang='lat' dir='ltr'><strong>mediae</strong></span> <span class='ocrx_word' id='word_1_198' title='bbox 554 3309 636 3371; x_wconf 90' lang='lat' dir='ltr'><strong>inter</strong></span> <span class='ocrx_word' id='word_1_199' title='bbox 659 3309 780 3371; x_wconf 87' lang='lat' dir='ltr'><strong>formas</strong></span> <span class='ocrx_word' id='word_1_200' title='bbox 812 3309 1038 3371; x_wconf 87' lang='lat' dir='ltr'><strong>substantiales</strong></span> <span class='ocrx_word' id='word_1_201' title='bbox 1061 3317 1094 3370; x_wconf 92' lang='lat' dir='ltr'><strong>et</strong></span> 
     </span>
     <span class='ocr_line' id='line_1_30' title="bbox 125 3413 1094 3497; baseline -0.003 -19"><span class='ocrx_word' id='word_1_202' title='bbox 125 3416 354 3489; x_wconf 91' lang='lat' dir='ltr'><strong>accidentales,</strong></span> <span class='ocrx_word' id='word_1_203' title='bbox 378 3415 451 3478; x_wconf 89' lang='lat' dir='ltr'><strong>ideo</strong></span> <span class='ocrx_word' id='word_1_204' title='bbox 474 3424 611 3497; x_wconf 90' lang='lat' dir='ltr'><strong>possunt</strong></span> <span class='ocrx_word' id='word_1_205' title='bbox 634 3416 756 3478; x_wconf 90' lang='lat' dir='ltr'><strong>intendi</strong></span> <span class='ocrx_word' id='word_1_206' title='bbox 781 3424 814 3477; x_wconf 91' lang='lat' dir='ltr'><strong>et</strong></span> <span class='ocrx_word' id='word_1_207' title='bbox 838 3415 968 3490; x_wconf 90' lang='lat' dir='ltr'><strong>remitti,</strong></span> <span class='ocrx_word' id='word_1_208' title='bbox 985 3424 1017 3477; x_wconf 92' lang='lat' dir='ltr'><strong>et</strong></span> <span class='ocrx_word' id='word_1_209' title='bbox 1034 3413 1094 3476; x_wconf 88' lang='lat' dir='ltr'><strong>for-</strong></span> 
     </span>
     <span class='ocr_line' id='line_1_31' title="bbox 131 3521 667 3604; baseline -0.002 -19"><span class='ocrx_word' id='word_1_210' title='bbox 131 3544 222 3587; x_wconf 93' lang='lat' dir='ltr'><strong>mam</strong></span> <span class='ocrx_word' id='word_1_211' title='bbox 247 3522 493 3585; x_wconf 90' lang='lat' dir='ltr'><strong>substantialem</strong></span> <span class='ocrx_word' id='word_1_212' title='bbox 518 3521 667 3604; x_wconf 87' lang='lat' dir='ltr'><strong>recipere.</strong></span> 
     </span>
    </p>

    <p class='ocr_par' dir='ltr' id='par_1_8' title="bbox 195 3626 1095 3712">
     <span class='ocr_line' id='line_1_32' title="bbox 195 3626 1095 3712; baseline -0.004 -19"><span class='ocrx_word' id='word_1_213' title='bbox 195 3630 256 3693; x_wconf 83' lang='lat' dir='ltr'><strong>Ad</strong></span> <span class='ocrx_word' id='word_1_214' title='bbox 276 3628 409 3691; x_wconf 81' lang='lat' dir='ltr'><strong>tertium</strong></span> <span class='ocrx_word' id='word_1_215' title='bbox 442 3628 520 3691; x_wconf 94' lang='lat' dir='ltr'><strong>dicit</strong></span> <span class='ocrx_word' id='word_1_216' title='bbox 542 3630 633 3710; x_wconf 91' lang='lat' dir='ltr'><strong>quod</strong></span> <span class='ocrx_word' id='word_1_217' title='bbox 656 3631 764 3712; x_wconf 70' lang='lat' dir='ltr'><strong>masor</strong></span> <span class='ocrx_word' id='word_1_218' title='bbox 798 3636 846 3690; x_wconf 89' lang='lat' dir='ltr'><strong>est</strong></span> <span class='ocrx_word' id='word_1_219' title='bbox 868 3648 944 3690; x_wconf 90' lang='lat' dir='ltr'><strong>vera</strong></span> <span class='ocrx_word' id='word_1_220' title='bbox 969 3629 1009 3690; x_wconf 88' lang='lat' dir='ltr'><strong>de</strong></span> <span class='ocrx_word' id='word_1_221' title='bbox 1032 3626 1095 3689; x_wconf 86' lang='lat' dir='ltr'><strong>sor-</strong></span> 
     </span>
    </p>
   </div>
   <div class='ocr_carea' id='block_1_3' title="bbox 0 0 1335 4267">
    <p class='ocr_par' dir='ltr' id='par_1_9' title="bbox 0 0 1335 4267">
     <span class='ocr_line' id='line_1_33' title="bbox 0 0 1335 4267; baseline 0 0"><span class='ocrx_word' id='word_1_222' title='bbox 0 0 1335 4267; x_wconf 95' lang='lat' dir='ltr'><strong> </strong></span> 
     </span>
    </p>
   </div>
  </div>
 </body>
</html>
