2634 4267
305 291 367 351 144
473 318 477 339 .
560 271 636 334 Lm.
662 271 691 333 11
716 270 1010 334 Sumuurmuun

255 488 364 561 potest
386 498 503 560 capere
527 477 687 546 habitum,
712 477 770 539 nisi
795 476 901 558 capiat
924 475 1044 549 scibile,
1076 485 1215 558 respectu
1282 511 1283 538 r

254 586 348 666 cujus
370 594 419 648 est
443 594 576 666 propter
600 585 781 646 naturalem
806 583 1026 666 colligantiam
1043 583 1216 645 correlatio

256 693 305 754 nis
327 712 428 776 quam
453 691 552 753 habet
575 691 618 753 ad
642 691 731 753 illud.
757 725 802 738 -
827 691 874 752 Et
899 691 932 752 si
953 699 1124 772 queratur
1145 710 1217 772 quo

257 799 358 862 modo
382 817 566 880 perunum
591 796 740 860 habitum
770 806 846 858 sunt
870 797 964 878 plura
992 797 1122 877 objecta
1144 817 1216 878 prae-

255 906 357 968 sentia
380 904 514 977 realiter,
532 905 741 985 respondetur
763 904 852 984 quod
869 903 972 966 simile
995 913 1044 966 est
1069 903 1121 966 hic
1143 913 1173 965 et
1188 903 1217 963 in

256 1012 369 1074 habitu
392 1010 546 1073 scientiali
571 1010 664 1091 cujus
688 1010 858 1090 objectum
890 1010 1037 1074 continet
1062 1011 1163 1072 multa
1178 1010 1216 1070 in-

255 1117 433 1200 telligibilia
448 1117 532 1179 circa
556 1136 631 1199 qua²
648 1126 697 1178 est
712 1116 854 1180 scientia.
873 1152 918 1164 -
942 1117 989 1179 Et
1011 1117 1043 1178 si
1057 1127 1220 1198 queratur

258 1225 400 1298 ulterius,
425 1224 595 1306 quomodo
626 1223 678 1284 ille
702 1222 831 1306 habitus
867 1224 992 1286 reducit
1024 1223 1216 1285 intellectum

257 1330 364 1413 angeli
388 1330 429 1393 de
452 1330 597 1412 potentia
632 1330 675 1390 ad
706 1338 817 1392 actum
853 1330 1062 1412 intelligendi,
1086 1330 1212 1401 dicitur,
1284 1321 1285 1334 ¹

259 1438 349 1520 quod
373 1437 553 1501 intellectus
568 1437 675 1518 angeli
693 1436 746 1498 illo
770 1435 882 1499 habitu
899 1446 1009 1499 creato
1037 1437 1217 1498 naturaliter

258 1545 429 1608 inclinatur
452 1543 494 1606 ad
518 1543 766 1625 intelligendum
790 1543 992 1624 quidditates
1016 1564 1125 1606 rerum
1148 1544 1217 1605 sim-

262 1651 395 1735 plicium
419 1642 702 1731 quemadmodum
735 1669 835 1739 grave
858 1650 1029 1712 inclinatur
1060 1651 1216 1713 deorsum.
1285 1681 1286 1716 r

260 1759 306 1820 Et
318 1767 411 1820 tanto
425 1757 530 1839 magis
543 1756 714 1819 inclinatur
726 1758 769 1819 ad
789 1755 1036 1839 intelligendum
1049 1757 1113 1820 hoc
1125 1777 1216 1839 quam

265 1865 354 1937 illud,
379 1873 503 1944 quanto
526 1863 726 1926 essentialius
748 1863 916 1925 ordinatur
939 1864 981 1925 ad
997 1884 1102 1925 unum
1125 1883 1216 1946 qnam

262 1972 304 2034 ad
328 1971 425 2044 aliud,
451 1980 487 2032 ut
510 1971 552 2032 ad
569 1971 766 2032 intellectum
790 1971 937 2032 essentiae
953 1970 1109 2052 angelicae
1125 1989 1216 2052 quam

264 2078 403 2150 alterius,
428 2085 461 2139 et
484 2098 560 2140 cum
584 2076 690 2138 factus
712 2085 760 2138 est
777 2076 956 2139 intellectus
980 2077 1011 2139 in
1028 2086 1103 2139 actu
1121 2077 1218 2158 primo
1286 2065 1287 2106 ³

261 2187 303 2248 ad
327 2184 574 2267 intelligendum
599 2184 760 2265 primum;
785 2194 864 2246 tunc
887 2204 930 2246 ex
954 2184 1092 2264 imperio
1116 2185 1216 2246 volun·

262 2292 337 2354 tatis
360 2292 544 2372 copulante,
569 2291 720 2352 discurrit
742 2291 784 2352 ad
808 2290 935 2372 singula
958 2300 1028 2352 tam
1052 2291 1219 2372 complexa

262 2419 362 2481 quam
387 2398 604 2479 incomplexa.

330 2505 397 2568 Pro
420 2504 484 2567 ista
505 2502 722 2576 Conclusione,
743 2513 903 2587 quantum
920 2505 961 2566 ad
985 2504 1216 2566 conclusionem
1286 2531 1288 2584 g

264 2611 485 2693 principalem,
509 2611 628 2674 scilicet
644 2612 734 2692 quod
757 2612 893 2694 angelus
913 2621 1093 2693 cognoscat
1119 2609 1220 2673 omnia

263 2739 321 2800 per
345 2718 493 2779 habitum
517 2718 727 2790 scientialem,
752 2719 900 2800 arguitur
916 2718 1027 2798 primo
1050 2718 1114 2780 sic:
1143 2718 1172 2779 in
1193 2737 1219 2776 a-

265 2824 353 2886 nima
378 2844 442 2886 non
466 2834 542 2887 sunt
566 2825 624 2886 nisi
640 2825 711 2897 tria,
737 2825 856 2887 scilicet
872 2825 1026 2906 potentia,
1052 2825 1180 2888 habitus
1193 2829 1222 2883 et
1287 2837 1288 2844 ¹

264 2932 381 3012 passio,
404 2952 446 2992 ex
468 2951 498 2993 2.
525 2930 661 3004 Etltic.,·
679 2931 735 2992 sed
752 2932 832 2993 ratio
849 2931 1046 3013 intelligendi
1063 2933 1097 2994 in
1113 2930 1222 3013 angelo

264 3058 330 3099 non
355 3047 461 3118 potest
485 3059 553 3100 esse
576 3039 723 3118 potentia
745 3059 812 3112 sua,
830 3039 906 3119 quia
929 3038 974 3099 sic
990 3038 1124 3118 aliquod
1142 3046 1222 3099 natu·

266 3144 331 3205 rale
354 3153 435 3205 esset
452 3145 611 3206 sufficiens
628 3144 821 3226 principium
844 3145 1098 3226 repraesentandi
1122 3143 1224 3208 omnia

266 3251 514 3331 cognoscibilia3
539 3272 598 3312 nec
621 3260 729 3332 potest
752 3272 820 3312 esse
844 3251 959 3332 passio,
984 3252 1075 3333 quod
1105 3262 1222 3315 certum

265 3366 333 3432 est;
358 3377 436 3437 ergo
460 3357 650 3440 relinquitur
674 3358 764 3438 quod
788 3357 827 3420 sit
851 3357 990 3422 habitus

336 3462 482 3525 Secundo
505 3465 564 3525 sic:
589 3463 621 3524 in
646 3465 808 3525 intellectu
834 3484 899 3525 non
924 3463 1065 3527 habente
1082 3465 1222 3528 habitum

267 3589 333 3630 non
358 3579 464 3650 potest
489 3571 634 3651 generari
648 3570 778 3632 habitus
792 3591 847 3650 per
864 3570 1048 3651 frequentes
1073 3571 1222 3635 actuseli·

267 3675 366 3748 citos;
391 3695 469 3755 ergo
494 3677 519 3736 si
533 3676 564 3736 in
578 3676 695 3756 angelo
708 3697 773 3738 non
787 3685 869 3738 esset
885 3698 946 3738 con
960 3688 1089 3741 creatus
1103 3679 1224 3742 habitus
