2634 4267
388 305 575 365 Drsrrncr.
600 303 615 364 Ι
639 302 787 384 QoAEsr.
811 302 826 364 Ι
1043 322 1077 367 11

209 504 299 575 Alio
322 510 381 575 est
399 505 529 592 opz'nio
546 503 817 575 Gondnvensz's
829 529 905 589 quae
921 507 998 571 dicit
1014 510 1109 591 quod
1131 526 1138 539 ·

145 615 246 696 prima
269 635 368 676 causa
401 614 553 695 producit
587 615 698 676 omnia
721 615 763 677 de
793 614 903 689 nihilo,
939 624 975 677 ut
999 616 1033 695 ly
1066 617 1113 678 de

145 720 247 784 nihilo
271 730 371 803 negat
393 742 463 783 esse
485 721 677 793 inistentioe,
706 741 772 783 non
803 730 913 783 autem
939 730 974 784 ut
1005 731 1106 804 negat

145 848 210 891 esse
232 828 378 891 essentne
401 848 519 901 rerum,
537 827 614 910 quia
628 828 777 890 essentiae
798 848 906 890 rerum
925 828 1105 891 secundum

145 935 233 997 illum
259 936 450 1008 Doctorem,
475 943 550 996 sunt
574 944 715 1009 aeternae,
740 935 830 1017 quod
854 936 972 1016 probat
1003 935 1114 1016 dupli-

146 1042 239 1105 citer:

209 1149 326 1211 Primo
349 1148 407 1210 sic:
433 1147 583 1211 Scientiae
596 1149 695 1210 reales
707 1157 782 1211 sunt
798 1148 839 1210 de
852 1148 947 1211 rebus
969 1149 1113 1231 inquan-

146 1264 215 1317 tum
240 1254 361 1317 habent
395 1275 465 1317 esse
492 1264 617 1329 ratum;
642 1256 698 1317 sed
729 1255 771 1317 ab
794 1264 917 1317 aeterno
935 1256 1025 1317 Deus
1053 1255 1111 1318 ha-

147 1362 217 1423 buit
238 1361 406 1424 scientiam
431 1361 549 1423 realem
579 1361 620 1422 de
654 1361 767 1436 rebus3
799 1382 878 1443 ergo
908 1362 950 1423 ab
981 1371 1111 1425 aeterno

147 1490 195 1531 res
217 1468 404 1530 habuerunt
427 1462 496 1530 esse
519 1477 636 1542 ratum,
661 1477 693 1530 et
710 1467 773 1531 hoc
789 1489 846 1550 per
862 1477 1044 1549 respectum
1061 1469 1110 1531 ad.

147 1576 289 1657 primum
302 1595 368 1637 ens.
386 1575 462 1636 Non
478 1584 588 1636 autem
606 1574 790 1637 habuerunt
805 1596 873 1637 esse
889 1585 996 1637 ratum
1013 1576 1104 1657 quod

148 1692 194 1744 est
205 1703 275 1745 esse
290 1681 492 1754 inistentioe;
510 1701 589 1763 ergo
602 1680 786 1744 habuerunt
797 1702 866 1744 esse
886 1691 1003 1756 ratum,
1017 1683 1115 1763 quod.

149 1800 195 1852 est
216 1808 287 1851 esse
309 1788 462 1851 essentne.

215 1895 362 1958 Secundo
392 1895 456 1957 sic:
482 1893 515 1957 Si
547 1904 703 1957 creaturae
727 1916 793 1957 non
825 1894 1008 1957 habuerunt
1038 1916 1115 1957 esse-

148 2002 294 2065 essentiae
320 2001 362 2063 ab
385 2010 518 2075 aeterno,
535 2011 614 2063 tunc
630 2000 761 2064 fuerunt
776 2002 859 2064 sicut
886 2002 1058 2077 chimaera;
1074 2012 1116 2064 et·

149 2130 223 2172 cum
249 2117 396 2171 creatura
420 2108 521 2190 possit
544 2108 576 2169 in
600 2108 715 2171 effectu
739 2129 817 2182 esse,
846 2108 1001 2171 chimaera
1032 2129 1117 2170 vero

150 2236 213 2279 non
238 2215 340 2297 possit
357 2216 389 2276 in
405 2215 519 2277 effectu
536 2235 614 2289 esse,
631 2236 675 2277 ex
698 2215 758 2277 ista
779 2216 988 2297 possibilitate
1005 2236 1108 2277 unum

151 2323 227 2385 nihil
251 2331 336 2384 esset
361 2322 465 2402 majus
488 2321 551 2383 alio
576 2321 685 2383 nihilo.

222 2426 342 2493 Contra
378 2428 475 2490 istam
506 2428 686 2508 opinionem
721 2429 867 2510 arguitur
895 2429 992 2492 unico
1015 2450 1112 2510 argu-

151 2544 261 2598 mento
274 2555 317 2597 ex
334 2535 426 2598 dictis
442 2534 515 2596 alibi
543 2534 604 2596 sic:
634 2535 777 2617 Quando
815 2536 923 2617 aliqua
944 2537 1011 2599 duo
1035 2545 1117 2598 sunt

151 2642 236 2705 idem
261 2641 394 2715 realiter,
420 2641 617 2723 impossibile
639 2651 688 2703 est
723 2662 824 2704 unum
850 2663 981 2705 manere
1009 2644 1116 2705 altero

152 2770 215 2811 non
240 2758 409 2828 manente3
433 2748 489 2810 sed
512 2749 648 2810 essentia
668 2757 701 2811 et
720 2749 891 2811 existentia
907 2771 963 2830 per
979 2759 1011 2811 te
1035 2759 1112 2811 sunt

152 2855 236 2917 idem
261 2855 402 2931 realiter;
433 2875 512 2936 ergo
547 2854 745 2936 impossibile
767 2865 815 2917 est
838 2877 941 2918 unum
978 2877 1109 2919 manere
1210 2880 1214 2884 ’

155 2962 275 3043 reliquo
298 2982 364 3022 non
389 2972 549 3024 manente.
576 2961 640 3024 Sed
663 2962 810 3023 essentiae
842 2961 971 3025 fuerunt
1002 2963 1044 3024 ab
1068 2983 1110 3024 ae-

155 3076 245 3130 terno
269 3067 448 3130 secundum
477 3077 526 3145 te;
558 3089 637 3149 ergo
669 3077 700 3130 et
730 3069 921 3142 existentiae,
943 3070 1032 3151 quod
1063 3078 1120 3130 est·

156 3173 280 3237 salsum.
306 3173 429 3236 Adhuc
453 3174 512 3237 ista
535 3175 645 3255 opinio
669 3175 796 3236 videtur
813 3175 1031 3257 multipliciter
1055 3176 1116 3237 im-

156 3281 283 3361 probari
307 3280 389 3342 sicut
412 3290 501 3361 patet
524 3281 595 3347 Lib.
613 3299 642 3343 Ι.
667 3280 743 3343 dist.
763 3280 838 3361 36„
855 3291 887 3343 et
910 3265 1031 3344 ibidem
1053 3283 1120 3344 sol·-

156 3396 274 3449 vuntur
299 3386 437 3448 rationes
461 3387 631 3469 opinionis.

218 3489 336 3561 Nunc
358 3495 499 3577 Oportet
524 3490 650 3560 wilere
673 3494 714 3555 de
745 3494 886 3556 secunda
913 3494 1115 3573 difficultate,

157 3600 289 3663 scilicet:
316 3599 350 3663 Si
374 3600 484 3662 omnia
506 3600 569 3662 sint
592 3620 612 3661 a
636 3600 743 3681 primo
767 3601 808 3662 de
832 3600 940 3674 nihilo,
957 3610 990 3663 et
1013 3611 1049 3663 ut
1072 3602 1120 3663 de

156 3706 260 3770 nihilo
287 3705 366 3768 dicit
397 3706 542 3768 ordinem
575 3706 762 3780 durationis
794 3705 902 3769 ethic
933 3706 1049 3789 loquor
1072 3707 1121 3769 de
