2634 4267
275 289 340 353 234
524 273 598 336 Lm.
631 274 662 336 11
688 273 983 338 SENTENTIARUM

252 478 450 562 opinionem,
474 486 508 542 et
530 477 744 542 confirmatur
766 500 810 542 ex
829 498 864 564 5.
881 481 1110 562 fundamentis
1129 478 1195 542 Pii·

253 584 378 668 losopti
399 585 435 648 in
458 585 600 648 diversis
624 586 712 661 locis,
736 586 858 649 scilicet
884 596 957 650 tum
981 587 1057 669 quia
1084 586 1194 648 materia

253 702 301 756 est
324 713 381 775 per
404 713 439 755 se
450 692 648 775 principium
659 713 702 756 ex
725 712 755 755 Ι.
779 692 882 774 Phys.
900 702 973 756 tum
990 695 1065 775 quia
1084 693 1195 755 materia

253 809 302 864 est
325 820 382 882 per
406 820 440 863 se
464 819 561 862 causa
583 821 626 862 ex
648 819 680 862 2·
704 798 819 881 Phys..
836 808 909 863 tum
922 801 999 882 quia
1023 800 1145 862 materia
1157 810 1195 861 est

253 928 310 990 per
333 927 368 969 se
390 927 465 988 pars
481 906 654 988 compositi
671 927 714 969 ex
737 925 767 990 7.
792 906 953 988 Metoplz„
978 917 1050 970 tum
1065 908 1195 988 quiama-
1274 963 1275 976 ,

254 1014 334 1076 teria
356 1021 405 1075 est
429 1033 485 1095 per
508 1033 543 1075 se
566 1012 752 1093 subjectum
770 1013 988 1095 generationis
1004 1035 1045 1076 ex
1055 1032 1088 1096 5.
1104 1011 1194 1093 Phys,

254 1129 325 1182 tum
349 1119 426 1201 quia
450 1120 584 1182 materia
607 1128 655 1182 est
679 1120 823 1201 ingenita
839 1128 871 1182 et
902 1120 1144 1202 incorruptibilis
1164 1139 1195 1180 ex

255 1246 285 1289 Ι.
309 1225 411 1306 Pltys.

328 1439 555 1525 Quantum
572 1441 637 1506 ad
652 1439 833 1505 tertium
850 1439 1101 1506 Articulum
1118 1445 1196 1508 restat

256 1567 423 1609 removere
446 1547 600 1628 quaedam
625 1547 725 1609 dubia
748 1555 862 1609 contra
887 1546 949 1610 hoc
982 1547 1072 1628 quod
1094 1545 1196 1607 dictum
1276 1561 1277 1566 ¹

255 1653 359 1716 estin
384 1670 413 1715 2.
438 1654 558 1725 Artic„
588 1653 708 1716 scilicet
731 1653 821 1735 quod
846 1653 980 1715 materia
1004 1653 1081 1716 dicit
1106 1651 1197 1713 entita-

256 1769 323 1823 tem
347 1759 521 1842 positivam
545 1755 727 1824 actualem.

322 1866 437 1929 Primo
460 1867 536 1948 quia
560 1886 625 1928 non
649 1875 757 1949 potest
781 1867 896 1928 salvari
921 1867 1088 1948 generatio
1104 1863 1196 1926 utdis-

256 1973 413 2055 tinguitur
437 1982 550 2035 contra
561 1973 785 2035 alterationem
807 1993 864 2054 per
880 1973 1006 2034 dictum
1032 1968 1196 2050 Philosophi

256 2099 286 2142 Ι.
310 2079 349 2142 de
367 2089 524 2162 generat„
548 2080 603 2161 qui
627 2080 735 2162 arguit
758 2089 871 2141 contra
894 2079 1048 2161 antiquos
1079 2077 1197 2140 Philoso

257 2186 340 2268 phos
352 2186 441 2268 quod
465 2186 490 2247 si
503 2185 687 2266 subjectum
705 2185 921 2267 generationis
936 2194 985 2247 est
1012 2206 1068 2248 ens
1084 2186 1113 2246 in
1127 2192 1196 2252 actu,
1275 2255 1277 2258 Ι

257 2313 322 2355 non
347 2301 454 2374 potest
477 2292 593 2355 salvari
617 2293 796 2375 generatio.

325 2398 479 2473 Secmzdo,
504 2399 581 2480 quia
603 2398 694 2480 quod
717 2399 851 2461 advenit
866 2398 932 2461 enti
953 2395 1147 2461 substantiali
1171 2394 1196 2452 in

257 2515 330 2568 actu
355 2514 404 2568 est
427 2514 535 2582 actus;
559 2527 638 2587 ergo
663 2505 687 2566 si
713 2506 846 2567 materia
869 2514 917 2568 est
933 2525 990 2567 ens
1006 2505 1038 2566 in
1055 2514 1123 2566 actu
1138 2500 1197 2562 sub·

256 2612 406 2686 stantiali‚
431 2611 535 2673 forma
558 2612 586 2673 ei
609 2612 786 2674 adveniens
810 2621 858 2674 est
881 2611 1042 2673 accidens

330 2719 434 2781 Tertio
457 2718 518 2780 sic:
543 2717 619 2799 quia
642 2739 685 2780 ex
709 2718 839 2780 duobus
861 2718 990 2780 entibus
1014 2718 1046 2779 in
1062 2726 1129 2780 actu
1144 2731 1195 2775 non
1277 2775 1280 2800 Ι

258 2824 294 2887 fit
318 2845 433 2898 unum,
458 2845 515 2906 per
538 2824 775 2907 Philosophum
800 2844 831 2909 7.
855 2823 1015 2906 Metapin,
1040 2824 1124 2886 etsie
1144 2839 1197 2881 ma·
1278 2821 1280 2864 ἰ

257 2932 336 2994 teria
361 2952 426 2994 non
451 2929 569 2992 faceret
593 2952 649 3012 per
674 2952 708 2993 se
731 2952 834 2996 unum
859 2952 935 2994 curn
959 2930 1074 2992 forma.

330 3037 453 3114 Quarto
476 3038 538 3100 sic:
563 3038 647 3100 sicut
669 3059 703 3100 se
727 3037 826 3100 habet
850 3037 974 3119 primus
990 3047 1081 3100 actus
1095 3035 1133 3097 ad
1151 3029 1196 3113 pri·

259 3165 347 3206 mam
372 3145 563 3226 potentiam,
588 3145 632 3207 ita
656 3145 761 3226 prima
785 3144 931 3226 potentia
954 3145 996 3206 ad
1012 3153 1127 3206 actum,
1146 3135 1197 3202 Sed
1278 3185 1280 3214 :

259 3251 383 3332 primus
405 3261 506 3325 actus
531 3251 587 3332 qui
611 3260 659 3314 est
684 3251 785 3326 Deus,
810 3250 888 3312 nihil
905 3251 1041 3312 includit
1060 3244 1196 3331 potentia·
1278 3257 1279 3262 ¹

258 3357 364 3420 litatis.
389 3358 481 3440 Ergo
504 3379 563 3419 nec
592 3358 698 3438 prima
733 3357 878 3438 potentia
902 3357 985 3419 sicut
1008 3366 1056 3418 est
1085 3349 1197 3416 materia

259 3463 394 3525 includit
417 3464 539 3545 aliquid
563 3463 766 3526 actualitatis.

330 3567 452 3644 Quinto
474 3569 535 3633 sie:
560 3579 652 3632 actus
690 3569 956 3652 proportionatur
991 3567 1137 3652 potentiae
1164 3579 1196 3622 ex

254 3693 289 3752 5.
313 3674 441 3755 Phys.,·
465 3676 522 3736 sed
553 3677 699 3756 potentia
723 3676 867 3738 materiae
903 3686 952 3739 est
974 3676 1112 3751 infinita;
1132 3685 1196 3748 ergO
1278 3729 1280 3738 ,,
