2634 4267
290 265 476 330 D1sr1ucr.
501 267 565 329 V11
589 264 740 347 Quasr.
766 268 796 330 11
982 283 1042 350 195

110 473 192 534 nullo
213 472 343 535 illorum
367 472 544 534 modorum
567 471 736 553 praehabet
759 469 899 535 sormam
916 475 1066 538 materia·

109 579 184 654 lem;
206 599 295 661 ergo.
327 579 481 641 Probatio
504 577 653 650 minoris,
693 578 870 640 nonenim
896 580 1067 661 praehabot

108 705 175 746 eam
208 685 397 759 formaliter,
427 706 504 748 cum
528 685 569 748 sit
591 685 761 766 quoddam
796 685 979 766 spirituale;
1005 709 1066 752 noc

109 792 284 867 virtualiter,
309 793 387 874 quia
410 802 488 855 tunc
512 791 646 854 haberet
669 791 851 853 dominium
875 814 973 875 supra
995 815 1066 858 ma-

108 899 223 973 teriam,
247 910 279 961 et
303 908 413 980 posset
434 919 508 961 eam
532 898 721 980 producere.

175 1006 276 1068 Tertio
299 1007 361 1067 sic:
387 1005 457 1067 haec
473 1013 521 1067 est
533 1004 615 1066 ratio
631 1025 732 1086 quare
755 1003 856 1066 homo
874 1015 982 1086 potest
998 1027 1067 1074 ma-

109 1111 154 1192 gis
184 1112 363 1194 perfectum
386 1133 443 1174 ens
477 1111 657 1193 producere
692 1132 792 1193 quam
829 1113 963 1186 coelum,
987 1114 1066 1194 quia

108 1218 175 1297 plus
189 1219 339 1282 convenit
351 1239 428 1280 cum
443 1218 572 1280 entibus
587 1217 752 1299 perfectis;
777 1219 832 1280 sed
849 1219 971 1282 coelum
987 1221 1066 1301 quia

109 1324 176 1404 plus
197 1326 292 1388 distat
316 1347 381 1388 non
413 1334 521 1406 potest
544 1325 723 1406 producere
758 1325 816 1386 nisi
841 1324 982 1388 formam
1006 1326 1066 1390 im-

109 1430 292 1510 perfectam3
306 1452 383 1494 cum
395 1452 474 1513 ergo
486 1432 621 1513 angelus
636 1431 747 1493 adhuc
763 1432 836 1512 plus
853 1432 950 1494 distat
962 1453 1064 1514 quam

108 1538 221 1599 coelum
245 1560 311 1601 non
335 1547 443 1620 potest
458 1539 638 1620 producere
654 1537 794 1600 formam
811 1538 987 1619 perfectam
1004 1560 1065 1604 noc

109 1642 333 1726 imperfectam.

170 1747 340 1818 Secundo
378 1747 576 1819 Conclusio
611 1751 791 1813 declaratur
823 1772 880 1832 per
910 1751 1065 1834 August'-

107 1877 182 1919 num
200 1877 233 1937 5.
256 1860 296 1921 de
324 1860 355 1921 T
350 1858 427 1931 rin,
455 1856 511 1940 qui
535 1858 611 1920 dicit
634 1859 725 1939 quod
749 1858 883 1920 materia
898 1868 947 1920 est
967 1859 1065 1941 plena

109 1964 275 2028 rationibus
299 1965 507 2027 seminalibus
536 1965 619 2026 sicut
654 1965 802 2026 mulieres
826 1964 970 2046 gravida:
987 1975 1065 2028 sunt
1131 1993 1134 2016 ι

108 2070 203 2150 plenae
226 2071 369 2134 foetibus
394 2071 517 2153 Angeli
540 2079 650 2132 autem
675 2073 905 2153 cognoscendo
938 2071 1065 2136 debitas

109 2179 324 2259 proportiones
347 2198 454 2240 rerum
480 2178 676 2239 naturalium
700 2178 935 2258 approximant
954 2179 1064 2242 activa

108 2285 239 2362 passivis,
249 2285 369 2366 quibus
377 2284 615 2367 approximatis
624 2284 769 2366 sequitur
778 2285 923 2347 inductio
935 2284 1062 2352 sormae.

171 2497 394 2583 (tuomum
410 2499 475 2563 od
485 2499 727 2564 seeundum
745 2496 997 2563 Artaoulum
1014 2509 1064 2561 est

109 2603 161 2665 alia
181 2606 291 2687 opinio
314 2625 390 2686 quae
413 2605 583 2686 distinguit
599 2606 639 2666 de
663 2604 774 2666 formis
790 2603 939 2686 perfectis
955 2613 988 2666 et
1006 2605 1064 2666 im-

111 2710 252 2788 perfectis.
278 2712 324 2773 Et
340 2711 451 2792 primo
474 2711 551 2773 dicit
574 2712 665 2793 quod
689 2711 812 2793 Angeli
836 2731 903 2773 non
925 2721 1065 2793 possunt

110 2813 247 2881 inducere
269 2818 391 2881 formas
415 2817 582 2900 perfectas.
608 2817 754 2880 Secundo
779 2817 858 2880 dicit
881 2818 971 2899 quod
987 2839 1063 2899 pos-

111 2932 172 2986 sunt
193 2926 347 2987 inducere
370 2923 491 2987 formas
514 2923 728 3006 imperfectas.

163 3027 211 3098 Et
231 3028 399 3099 Secunda
427 3027 622 3099 Conclusio
639 3031 796 3112 probatur
805 3031 916 3112 primo
947 3031 1009 3093 sic:
1025 3032 1063 3093 si·

111 3145 156 3198 cut
174 3160 207 3201 se
231 3139 330 3201 habet
360 3128 528 3219 corporale
550 3139 592 3200 ad
629 3139 803 3219 spirituale,
840 3138 884 3200 ita
907 3159 925 3198 e
948 3147 1063 3200 contra

112 3244 258 3321 spirituale
280 3245 324 3307 ad
339 3245 524 3327 corporale3
542 3245 598 3307 sed
614 3245 747 3326 aliquod
770 3245 938 3325 corporale
955 3254 1064 3326 potest

113 3352 274 3424 producere
297 3351 471 3433 spirituale,
495 3353 578 3415 sicut
602 3361 693 3432 patet
716 3351 757 3413 de
781 3351 887 3432 specie
910 3371 986 3432 quae
1014 3352 1064 3432 gi-

113 3457 206 3532 gnitur
227 3459 260 3520 in
284 3458 513 3541 phantasmate
536 3459 623 3521 etin
640 3459 803 3520 intellectu
818 3477 825 3532 ;
843 3478 932 3539 ergo.

166 3564 308 3629 Secundo
330 3566 393 3628 sic:
417 3566 450 3628 in
474 3566 681 3628 essentialiter
706 3564 870 3638 ordinatiS,
901 3564 1063 3646 quidquid

115 3669 298 3744 perfectionis
321 3682 370 3736 est
393 3673 424 3735 in
448 3672 597 3746 inferiori,
623 3672 750 3734 videtur
772 3692 841 3733 esse
864 3679 896 3732 et
920 3671 952 3732 in
969 3691 1064 3751 supe-
