2634 4267
378 266 564 362 Drstincr.
589 297 603 359 Ι
628 296 775 379 Quasi.
800 297 849 360 IV
1031 312 1071 378 37

104 502 190 585 ipsa
218 501 359 565 refertur
382 504 550 565 adsuum
583 501 844 578 fundamentum,
876 502 958 565 sicut
988 504 1093 585 seipsa

103 611 248 692 'ligatur
273 611 316 672 ad
340 614 441 671 suum'
462 608 724 682 fundamentum.
749 631 806 692 per
829 611 1038 673 Avicennam
1057 629 1092 690 j.

109 715 274 797 Metapli.
301 716 349 778 Et
369 737 442 778 cnm
465 714 569 779 dicis:
585 717 701 779 eadem
719 717 842 780 ratione
857 716 918 780 fuit
935 717 1090 780 standum

104 824 147 885 in
175 824 302 905 primu,
328 844 417 905 nego,
453 823 529 904 quia
559 823 612 885 illa
643 824 755 885 relatio
787 844 852 887 non
884 834 992 914 potest
1021 844 1091 887 esse

111 930 189 992 sine
220 928 436 992 fundamento
459 930 582 1011 absque
605 930 872 1005 contradictione·
899 930 1092 993 fundamen-

104 1048 195 1099 ·tum
225 1045 335 1099 autem
359 1046 466 1119 potest
489 1058 557 1099 esse
580 1038 648 1100 sine
676 1038 829 1100 relatione
859 1039 983 1120 absque
1014 1059 1093 1101 con·

104 1143 328 1206 tradictione.
353 1180 398 1190 -
420 1144 478 1206 Ao
497 1144 648 1225 quintum
673 1144 747 1207 dico
770 1145 859 1226 quod
889 1145 1001 1207 relatio
1036 1144 1093 1207 ha-

117 1252 180 1313 bet
210 1251 375 1332 propriam
398 1251 648 1325 distinctionem,
682 1272 747 1313 non
779 1260 888 1314 tamen
922 1253 1092 1316 innotescit

110 1358 223 1420 nobis
247 1367 380 1440 propter
405 1357 568 1421 modicam
592 1357 662 1438 ejus
685 1358 864 1432 entitatem,
889 1359 948 1421 nisi
971 1379 1028 1441 per
1044 1360 1092 1421 di·

109 1464 335 1527 stinctionem
359 1463 658 1527 fundamentorum.
683 1500 728 1511 -
750 1464 808 1526 Ad
829 1466 982 1528 ultimum
1014 1466 1091 1528 dici-

111 1580 179 1634 ·tur
214 1592 280 1633 uno
314 1572 413 1632 modo
444 1571 533 1651 quod
565 1591 630 1632 non
662 1581 710 1633 est
741 1571 969 1634 inconveniens
1000 1572 1090 1654 quod

114 1700 193 1740 una
219 1698 268 1739 res
285 1676 403 1739 habeat
419 1686 602 1759 respectum
615 1678 658 1739 ad
675 1676 815 1740 infinitas
836 1679 994 1742 entitates.
1012 1678 1091 1742 Alio

122 1785 230 1847 modo
253 1794 286 1846 et
311 1784 425 1846 melius
448 1784 564 1846 dicitur
588 1785 678 1866 quod
702 1784 779 1866 quia
803 1786 915 1848 relatio
931 1785 1090 1867 specifica·

113 1902 179 1953 tur
204 1912 248 1953 ex
272 1891 426 1973 terminis,
450 1899 483 1952 et
506 1910 571 1953 non
595 1900 671 1953 sunt
695 1891 933 1972 compossibilia
956 1893 1042 1955 entia
1058 1894 1090 1955 in

126 1997 340 2059 multitudine
362 1995 496 2071 infinita,
522 2006 557 2067 ut
588 2006 678 2079 patet
703 2016 738 2077 j.
763 1997 882 2079 Phys„
918 1999 991 2061 ideo
1022 2020 1089 2063 non

117 2103 227 2166 'habet
251 2104 358 2185 aliqua
381 2113 527 2166 creatura
551 2125 649 2185 penes
673 2125 707 2167 se
729 2105 879 2167 entitates
895 2104 1044 2168 infinitas,

200 2315 425 2401 Quantum
449 2319 514 2383 od
532 2318 711 2383 tertium
736 2318 988 2384 Articulum
1014 2328 1090 2382 sunt

117 2434 192 2486 tres
214 2424 394 2505 opiniones.
425 2420 510 2491 Una
534 2425 611 2487 dicit
639 2425 828 2487 relationem
859 2435 1016 2488 creaturae
1047 2426 1090 2489 ad

127 2531 239 2592 Deum
260 2530 306 2592 sic
325 2551 394 2594 esse
405 2532 542 2594 eandem
556 2553 616 2594 suo
632 2530 856 2609 fundamento
871 2534 961 2613 quod
978 2531 1091 2595 sunda-

120 2646 278 2699 ·mentum
312 2637 391 2699 nihil
422 2638 509 2700 aliud
540 2647 589 2700 est
624 2639 682 2701 nisi
714 2639 867 2720 quaedam
903 2639 1014 2701 relatio
1046 2640 1088 2701 ad

124 2745 249 2816 Deum,
273 2744 349 2825 quia
373 2744 445 2807 licet
468 2753 614 2808 creatura
637 2744 670 2807 in
694 2765 728 2807 se
743 2746 784 2807 sit
806 2766 873 2819 ens,
890 2746 922 2807 in
940 2754 1088 2828 respectu

124 2860 239 2912 tamen
262 2850 304 2912 ad
328 2852 437 2913 Deum
461 2851 578 2914 dicitur
602 2872 668 2914 non
692 2872 758 2913 ens
789 2850 842 2915 Sic
872 2853 970 2914 etiam
1002 2873 1089 2915 crea-

117 2966 201 3019 ·tura
224 2956 298 3019 licet
320 2958 352 3019 in
375 2979 409 3020 se
432 2958 472 3020 sit
494 2978 551 3020 ens
574 2959 773 3033 absolutum,
798 2968 944 3039 respectu
976 2969 1087 3023 tamen

126 3064 190 3126 Dei
215 3062 292 3125 nihil
316 3064 404 3126 aliud
426 3073 475 3127 est
498 3064 557 3127 nisi
581 3064 715 3146 quidam
740 3074 913 3147 respectus.
939 3066 1003 3128 lsta
1023 3067 1090 3148 opi-

126 3170 181 3231 nio
204 3169 359 3232 fundatur
382 3170 414 3232 in
437 3171 530 3234 dictis
554 3172 684 3234 Henrici
709 3173 764 3253 qui
781 3174 851 3234 vult
863 3173 953 3253 quod
976 3173 1089 3236 relatio

116 3278 166 3339 sit
182 3278 326 3340 ratitudo
342 3277 391 3339 sui
415 3276 627 3353 fundamenti,
644 3280 735 3360 quod
759 3278 905 3343 diffusius
925 3279 1093 3362 improba-

116 3393 178 3446 tur
201 3384 273 3447 Lib.
300 3402 330 3446 Ι.
355 3384 430 3446 dist.
451 3402 486 3463 J.
510 3406 539 3465 q.
564 3385 603 3446 o'o
626 3385 773 3467 vestigio.

197 3490 319 3555 Contra
344 3489 442 3552 istam
464 3490 644 3571 opinionem
668 3512 773 3572 arguo
789 3492 926 3555 breviter
944 3514 1001 3576 per
1018 3493 1091 3555 Au-

116 3599 292 3680 gustinum
317 3615 349 3681 7.
373 3596 413 3657 de
442 3596 531 3659 Trin.
556 3618 663 3671 omne,
688 3596 801 3676 inquit,
833 3599 924 3680 quod
955 3599 1086 3662 relative

114 3706 238 3769 dicitur
261 3712 311 3769 est
336 3703 459 3783 aliquid
481 3714 619 3786 excepta
643 3704 807 3767 relatione.
825 3705 877 3796 'Et
900 3706 936 3767 in
961 3705 1090 3786 princi·
