2634 4267
289 296 354 344 200
545 279 620 342 Lrs.
646 281 675 343 ΙΙ
700 279 994 343 ΞΕΝΤΕΝΤΙΑκυΜ

265 485 346 547 riam
370 484 583 566 corporalem.
609 484 654 546 Et
677 485 719 547 ad
743 483 805 547 hoc
829 493 878 546 est
910 485 992 546 ratio
1023 483 1100 546 Petri
1127 483 1205 544 talis:

268 592 356 654 nulla
379 591 498 653 virtute
521 594 630 672 potest
644 589 711 653 fieri
737 600 773 654 ut
796 591 886 672 quod
902 600 950 653 est
974 591 1036 652 hoc
1059 590 1166 670 aliquid
1180 598 1208 650 et

267 717 316 760 res
339 698 502 780 completa
525 707 558 760 et
580 697 763 772 terminata,
787 696 844 760 fiat
862 697 1076 776 modificati03
1091 697 1142 758 sed
1163 715 1209 756 an-

266 805 358 887 gelus
380 813 429 866 est
456 825 505 866 res
527 804 710 878 terminata,
735 805 909 885 completa,
926 812 958 866 et
971 803 1034 866 hoc
1047 803 1167 884 aliquid,
1181 810 1208 861 et

266 911 464 973 nobilissima
487 911 608 992 species
631 910 788 988 universi;
820 930 900 994 ergo
932 931 997 972 non
1024 919 1124 992 potest
1152 907 1209 968 fieri

268 1017 373 1080 forma
397 1017 551 1079 materiae.

339 1124 448 1186 Tertio
476 1121 654 1197 Conclusio,
683 1125 773 1205 quod
797 1145 864 1186 non
888 1124 1045 1206 importat
1075 1123 1207 1184 unionem

269 1240 395 1294 naturae
419 1231 461 1293 ad
483 1231 691 1312 suppositum
723 1240 879 1306 creatum,
915 1231 992 1313 quia
1024 1229 1207 1312 suppositum

241 1417 245 1424 Ι
267 1347 411 1400 creatum
436 1359 502 1400 non
526 1348 634 1420 potest
652 1339 856 1420 suppositare
871 1339 954 1400 duas
970 1347 1099 1400 naturas
1119 1354 1207 1397 essen·

267 1445 383 1507 tialiter
406 1445 582 1508 distinctas.

339 1550 467 1627 Quarto
495 1550 685 1617 Conclusio:
711 1552 792 1630 unio¹
808 1560 856 1614 est
880 1561 990 1614 motus
1007 1551 1139 1623 unitatis,
1155 1556 1209 1629 quo

269 1668 377 1720 motor
401 1659 592 1722 intrinsecus
616 1661 725 1722 unitur
749 1659 887 1741 corpori,
900 1668 933 1721 et
956 1658 1001 1720 sic
1025 1657 1151 1720 assumit
1167 1674 1208 1716 an-

269 1766 361 1847 gelus
384 1787 511 1847 corpus
536 1767 621 1829 idest
644 1768 686 1828 ad
710 1787 744 1829 se
775 1767 875 1829 sumit
905 1749 1099 1847 inquantum
1127 1762 1207 1824 utitur

273 1892 313 1934 eo
347 1881 505 1954 tanquam
544 1874 768 1936 instrumento
800 1874 842 1935 ad
872 1873 997 1954 aliquas
1029 1871 1207 1954 operationes

270 1980 478 2042 exercendas.

343 2190 569 2276 Quantum
607 2195 674 2258 od
701 2194 944 2259 seeundum
979 2188 1205 2258 Artr‘oulum

272 2297 344 2360 dico
368 2298 492 2379 aliquas
516 2299 757 2370 Conclusiones.
1036 2308 1040 2316 ⁴

336 2404 456 2466 Prima
476 2407 566 2486 quod
591 2427 657 2468 non
674 2405 849 2468 assumitur
864 2425 982 2486 corpus
999 2406 1134 2477 coeleste,
1148 2417 1205 2482 quae

271 2512 438 2601 probatur,
462 2513 539 2593 quia
561 2512 626 2575 tale
648 2533 770 2594 corpus
794 2532 860 2574 non
884 2511 998 2594 recipit
1021 2512 1054 2573 in
1077 2532 1109 2574 se
1136 2525 1205 2590 pere·

270 2618 378 2700 grinas
401 2619 635 2700 impressiones.
1013 2697 1016 2705 Ι

340 2724 489 2787 Secundo
518 2723 695 2798 Conclusio,
731 2725 821 2807 quod
853 2746 919 2787 non
950 2725 1084 2787 assumit
1112 2737 1203 2801 corpus

273 2831 477 2906 dementare,
502 2833 578 2914 quia
601 2833 681 2894 illud
705 2840 835 2894 nonest
852 2832 1073 2914 susceptivum
1103 2830 1202 2891 illorum

273 2938 490 3000 accidentium
514 2960 590 3020 quae
614 2948 773 3020 apparent
795 2938 828 3001 in
852 2938 911 3000 illis
935 2937 1131 3019 corporibus.

345 3045 375 3106 T
369 3046 453 3108 ertio
482 3043 658 3127 Conclusio,
683 3046 773 3126 quod
797 3053 905 3127 potest
928 3065 1092 3106 assumere
1113 3055 1203 3120 corpus

269 3151 338 3231 jam
362 3173 382 3214 a
406 3161 521 3214 natura
537 3161 739 3233 generatum,
757 3161 837 3234 puta
860 3151 999 3213 cadaver
1017 3149 1146 3225 mortui;
1159 3145 1201 3206 ista

274 3267 364 3340 patet
389 3280 446 3340 per
469 3279 512 3320 se.
1014 3247 1017 3253 ’

343 3364 471 3440 Quarto
500 3363 677 3437 Conclusio,
707 3365 797 3446 quod
829 3372 937 3446 potest
970 3382 1130 3426 assumere
1154 3377 1201 3421 cor

273 3492 335 3552 pus
358 3473 535 3554 semiplena
558 3472 717 3534 mixtione
734 3471 886 3545 mixtum,
903 3479 975 3532 tum
988 3471 1065 3552 quia
1081 3470 1138 3533 tale
1155 3483 1201 3527 cor·

275 3598 336 3658 pus
359 3598 423 3639 non
448 3587 556 3659 potest
571 3579 615 3641 ita
631 3578 740 3640 subito
756 3578 799 3640 ad
822 3586 890 3640 tam
910 3576 1088 3659 perfectam
1104 3569 1200 3636 mixtio·

274 3703 349 3744 nem
373 3684 489 3745 deduci
513 3685 616 3765 qualis
639 3685 812 3765 requiritur
836 3685 869 3746 in
900 3704 1038 3766 corpore
1069 3684 1197 3745 humano
