2634 4267
388 914 706 1024 Distinetio
752 917 821 1024 V.

330 1167 431 1244 Post
461 1168 534 1244 hoo
564 1168 884 1248 considerare...
1000 1157 1003 1162 ⁵

200 1288 292 1354 Circa
308 1291 407 1354 istem
423 1291 578 1354 Distinet.
587 1310 622 1375 5.
639 1293 807 1376 Magister
822 1303 942 1385 tractae
956 1292 994 1354 de
1010 1292 1085 1356 duo·

130 1395 197 1470 bus,
215 1397 336 1460 seilicet
348 1397 388 1459 de
401 1399 604 1461 conversione
619 1399 771 1462 bonerum
791 1409 822 1462 et
836 1400 1002 1462 aversione
1018 1421 1086 1462 ma-

129 1503 232 1566 lorum
254 1507 454 1588 aregelerum.
476 1505 643 1594 Quentum
659 1507 708 1569 ad
724 1506 959 1570 conversionem
976 1527 1085 1589 quere

130 1611 224 1673 illam
245 1613 461 1695 questionem.

493 1790 669 1873 Qunsuio
694 1793 717 1854 Ι.

95 1912 105 1926 '¹
182 1949 284 2004 Utrum
293 1949 501 2018 angelusprlus
511 1951 648 2006 meruerit
667 1950 758 2019 ipsum
770 1950 977 2006 beutltudlnum
994 1966 1081 2022 quum

128 2039 265 2107 aoeepent
282 2054 355 2094 eam.

196 2155 332 2247 Videtur
354 2185 445 2266 quod
468 2198 544 2259 non,
568 2185 645 2266 quia
668 2186 791 2268 Angeli
814 2186 936 2268 aliquid
960 2193 1085 2248 meren-

35 2338 45 2362 .
129 2299 184 2353 tur
204 2313 245 2353 ex
268 2293 432 2375 obsequiis
454 2292 608 2374 impensis
631 2293 826 2355 hominibus.
852 2293 924 2355 Aut
947 2313 1026 2374 ergo
1050 2293 1086 2353 il·
1178 2365 1183 2376 ,

130 2398 185 2460 lud
207 2400 380 2480 praemium
412 2399 595 2461 habuerunt
617 2408 693 2461 ante
724 2399 885 2474 meritum,
910 2399 1010 2461 etsie
1034 2399 1087 2460 ha-

129 2504 221 2568 betur
244 2506 466 2588 propositum3
490 2515 548 2567 aut
570 2515 835 2586 expectaverunt,
867 2515 899 2568 et
923 2505 986 2568 hoc
1009 2527 1085 2580 non,

130 2613 204 2695 quia
226 2633 298 2695 spes
320 2633 396 2694 quae
420 2611 563 2675 differtur
587 2612 700 2695 affligit
730 2613 883 2688 animam,
908 2613 997 2694 quod
1021 2634 1086 2675 non

132 2719 261 2800 ponitur
284 2720 316 2781 in
340 2720 467 2801 angelo.

196 2844 226 2888 2.
250 2828 411 2888 Praeterea
434 2826 585 2888 meritum
609 2835 641 2888 et
665 2826 838 2907 praemium
861 2826 920 2888 sibi
946 2826 1084 2888 invicem

131 2933 382 3014 correspondent
391 2953 399 3009 ;
428 2953 507 3015 ergo
542 2933 598 2995 ubi
621 2942 670 2995 est
693 2933 798 3013 majus
833 2933 1016 3014 praemium,
1042 2933 1085 2994 ibi

131 3049 176 3101 est
200 3039 306 3120 majus
329 3040 491 3102 meritum.
517 3039 582 3103 Sed
606 3040 703 3121 aliqui
727 3040 833 3121 angeli
869 3038 991 3101 habent
1014 3040 1087 3120 plus

132 3146 170 3208 de
194 3147 310 3209 merito
332 3166 433 3228 quam
456 3147 554 3229 aliqui
578 3147 743 3226 homines;
768 3166 846 3228 ergo
870 3147 991 3209 habent
1015 3147 1087 3228 plus

132 3253 170 3315 de
193 3253 341 3336 praemio.
366 3253 432 3316 Sed
456 3253 603 3316 homines
626 3274 692 3316 non
716 3261 853 3335 possunt
874 3262 1004 3315 tantum
1022 3273 1087 3315 me·

130 3361 186 3422 reri
208 3361 398 3430 inmodico
412 3369 577 3442 tempore3
594 3381 673 3442 ergo
689 3381 749 3423 nec
765 3360 880 3442 angeli,
897 3368 929 3422 et
946 3360 990 3422 sic
1007 3381 1090 3442 prae·

130 3467 231 3529 mium
255 3467 422 3548 praecessit
445 3467 606 3530 meritum.

191 3575 233 3637 In
249 3575 452 3636 centrarium
468 3575 630 3656 arguitur:
648 3573 731 3636 sicut
748 3594 781 3635 se
798 3573 919 3636 habent
939 3573 1014 3634 mali
1031 3594 1089 3635 an-

130 3682 188 3761 geli
211 3682 254 3744 ad
278 3681 533 3754 damnationem,
551 3681 596 3743 ita
611 3681 688 3743 boni
705 3681 811 3761 angeli
827 3681 869 3742 ad
893 3679 1086 3762 praemium3

133 3790 187 3853 sed
210 3789 254 3852 illi
278 3791 527 3866 demeruerunt3
551 3808 639 3870 ergo,
