2634 4267
287 279 352 358 356
552 278 627 340 Lm.
652 278 683 339 11
707 276 1002 341 Ssnrnnrmnuu

262 484 353 565 quod
376 484 477 546 virtus
500 483 644 547 consistit
678 484 711 546 in
746 483 853 545 medio
888 483 999 564 quoad
1034 503 1100 571 nos,
1130 481 1220 562 quod

262 591 420 672 probatur
442 591 630 672 dupliciter:
654 590 769 653 Primo
799 590 861 651 sic:
897 589 1005 651 omnis
1028 610 1078 651 ars
1100 586 1223 670 perficit

262 716 346 777 opus
369 717 465 758 suum
489 718 533 759 ex
555 697 620 759 hoc
642 697 732 779 quod
755 695 871 778 aspicit
904 697 946 758 ad
983 696 1142 770 medium;
1165 695 1223 756 sed

261 802 363 865 virtus
385 813 434 866 est
458 804 572 865 melior
595 803 686 866 omni
702 812 786 865 arte:
810 822 890 884 ergo
906 803 1009 864 virtus
1024 802 1137 883 aspicit
1159 822 1223 863 me-

260 911 363 974 dium.
387 946 432 957 —
456 909 602 973 Secundo
628 910 691 973 sic:
727 919 898 991 peccatum
935 909 967 971 in
1003 908 1128 971 actione
1149 929 1219 969 con-

261 1017 358 1099 tingit
380 1015 511 1079 infinitis
535 1016 649 1090 modis,
666 1016 740 1079 ideo
747 1016 875 1098 facile:
892 1025 979 1077 recte
995 1024 1105 1078 autem
1129 1035 1221 1096 agere

261 1124 421 1206 contingit
445 1143 513 1186 uno
536 1123 648 1196 modo,
673 1123 746 1185 ideo
769 1121 934 1205 difficile,·
970 1123 1027 1183 sed
1063 1121 1152 1184 facile
1174 1130 1217 1183 est

261 1230 440 1313 transgredi
464 1250 483 1291 a
506 1229 625 1303 medi0,
650 1238 682 1291 et
697 1230 825 1291 difficile
842 1238 951 1291 tenere
965 1228 1128 1304 medium;
1144 1248 1218 1309 ergo

261 1347 347 1400 recte
369 1357 465 1419 agere
487 1337 667 1399 secundum
695 1336 829 1399 virtutes
852 1336 911 1398 erit
936 1332 1032 1398 'circa
1060 1336 1212 1406 medium;

260 1453 292 1507 et
316 1444 389 1505 dico
411 1443 497 1505 circa
522 1443 667 1505 medium
699 1443 810 1523 quoad
845 1463 904 1504 nos
940 1462 1007 1504 non
1043 1442 1212 1503 secundum

260 1572 341 1625 rem,
364 1550 441 1631 quia
464 1549 609 1612 medium
634 1550 761 1612 virtutis
784 1548 951 1631 aequaliter
982 1549 1082 1610 distat
1104 1549 1144 1610 ab
1164 1569 1214 1609 ex·

260 1658 379 1731 tremis,
404 1657 486 1719 sicut
509 1665 599 1737 patet
633 1656 665 1717 in
700 1656 842 1718 calceato
869 1666 902 1718 et
928 1656 1013 1731 cibo,
1039 1677 1115 1718 nam
1135 1655 1214 1716 idem

259 1764 350 1827 cibus
372 1764 432 1825 erit
455 1763 510 1825 uni
523 1763 675 1836 multum,
688 1762 777 1825 alteri
801 1763 1006 1825 conveniens,
1024 1762 1213 1847 Exemplum

259 1869 447 1951 Philosophi
470 1878 518 1931 est
545 1871 587 1930 de
621 1869 744 1931 Milone
778 1869 833 1950 qui
868 1870 1013 1932 comedit
1047 1870 1160 1932 bovem
1183 1868 1211 1927 in

259 1977 320 2051 die,
356 1986 388 2039 et
426 1976 606 2039 secundum
642 1975 877 2057 Philosophum
913 1976 1032 2039 ibidem
1068 1987 1134 2057 cap.
1155 1995 1214 2055 seq.
1289 1972 1290 2050 l

259 2084 332 2146 licet
355 2083 456 2145 virtus
490 2083 671 2145 secundum
707 2103 799 2145 suam
836 2083 1052 2145 substantiam
1076 2094 1108 2146 et
1130 2083 1211 2144 ratio·
1289 2068 1290 2101 ¹

259 2210 334 2253 nem
358 2189 557 2252 definitivam
581 2189 621 2252 sit
657 2190 821 2264 medietas,
856 2198 967 2252 tamen
1000 2200 1036 2253 ut
1071 2200 1120 2253 est
1140 2190 1212 2271 opti-

260 2317 351 2358 mum
376 2297 408 2359 in
431 2295 487 2357 tali
511 2316 628 2377 genere
650 2304 699 2358 est
722 2296 920 2360 extremitas.
1288 2352 1289 2361 ,

326 2399 496 2471 Secundo
533 2399 579 2469 de
614 2400 751 2469 virtute
784 2398 988 2490 theologica
1024 2404 1099 2466 dico
1132 2404 1210 2486 quod
1288 2364 1289 2443 l

259 2519 367 2592 potest
388 2509 459 2572 dari
494 2508 639 2572 definitio
674 2509 706 2570 in
741 2509 910 2571 communi
944 2511 1126 2572 secundum
1151 2511 1209 2573 Au-

259 2617 436 2698 gustinum,
460 2624 492 2676 et
515 2635 573 2698 per
596 2616 803 2697 Magistrum,
827 2615 916 2692 talis;
937 2617 1039 2679 virtus
1063 2626 1113 2679 est
1135 2618 1210 2680 bona

258 2723 396 2804 qualitas
423 2722 540 2783 mentis
574 2743 639 2804 qua
674 2731 760 2785 recte
794 2723 912 2784 vivitur
947 2731 979 2786 et
1013 2744 1081 2805 qua
1117 2726 1210 2787 nullus
1287 2752 1288 2763 ¹

258 2830 342 2892 male
366 2828 477 2902 utitur,
502 2849 602 2909 quam
627 2828 718 2891 Deus
741 2828 828 2891 solus
851 2829 884 2891 in
909 2828 1042 2892 homine
1058 2840 1208 2912 operatur.

256 2936 367 2997 Potest
389 2935 488 2997 etiam
513 2934 581 2996 dari
606 2934 736 3017 propria
752 2935 891 3009 cuilibet,
911 2944 991 3018 puta
1007 2935 1093 3009 fidei,
1111 2938 1171 3019 spei
1181 2945 1208 2998 et

256 3041 434 3117 charitatis;
449 3041 506 3102 sed
519 3041 560 3103 de
572 3039 637 3103 fide
648 3050 682 3104 et
693 3062 751 3123 spe
767 3042 845 3104 nihil
862 3043 904 3105 ad
920 3063 1075 3125 praesenS,
1092 3045 1133 3106 de
1147 3044 1207 3106 cha·

257 3148 350 3209 ritate
379 3157 490 3209 autem
524 3147 598 3209 dico
632 3168 711 3210 cum
746 3148 906 3231 Magistro
931 3149 985 3214 lib.
1006 3168 1041 3229 3.
1066 3151 1142 3214 dist.
1159 3170 1207 3235 j7.

255 3252 404 3327 charitas
429 3252 544 3336 inquit,
567 3262 616 3316 est
638 3253 768 3316 dilectio
792 3275 857 3336 qua
872 3255 1017 3338 diligitur
1034 3258 1127 3320 Deus
1147 3278 1207 3340 pro
1285 3312 1286 3317 ,

257 3368 328 3442 pter
351 3380 385 3421 se
408 3368 441 3421 et
464 3359 635 3442 proximus
659 3369 792 3442 propter
817 3361 936 3424 Deum.

263 3515 266 3519 ι
325 3463 441 3532 Tertio
471 3462 516 3533 de
548 3463 685 3532 vertute
720 3462 869 3533 heroica
905 3468 979 3531 dico
1014 3490 1093 3532 cum
1116 3470 1205 3533 Philo

256 3571 361 3652 sopho
386 3586 416 3650 7.
441 3570 551 3633 Ethic.
579 3572 678 3651 quod·
705 3572 758 3635 illa
792 3582 842 3635 est
875 3574 977 3637 virtus
1012 3576 1122 3641 divina
1141 3596 1205 3659 quae

201 3705 204 3710 >
254 3676 433 3754 opponitur
455 3676 648 3750 bestialitati,
677 3686 710 3739 et
743 3678 789 3741 sic
823 3689 871 3742 est
906 3680 1037 3744 habitus
1064 3682 1202 3747 inclinans
