2634 4267
247 218 312 296 364
512 218 586 280 Lru.
611 218 641 280 ΙΙ
667 218 963 281 Sauraurrauurr

219 420 297 485 licet
320 422 422 504 possit
449 422 522 504 quis
558 422 687 505 singula
709 421 869 486 foramina
905 424 1073 497 obstruere,
1107 444 1168 485 non

222 537 334 591 tamen
358 529 479 603 omnia,
503 530 585 593 dum
608 530 696 592 enim
720 550 822 591 unum
858 530 1006 605 obstruit,
1036 529 1171 610 relinqui-

217 645 277 697 tur
300 635 388 697 aliud
412 645 536 718 patens.
1131 720 1132 725 ἵ

290 741 398 805 Aliter
420 743 552 824 ponitur
574 762 595 805 a
624 742 736 816 Scot0,
771 752 804 805 et
838 742 962 817 melius,
998 743 1082 825 quod
1103 762 1172 823 pec-

221 857 334 911 catum
358 858 468 931 potest
490 849 594 931 accipi
618 849 804 931 dupliciter:
829 870 896 911 uno
920 850 1020 911 modo
1036 870 1089 930 pro
1104 857 1172 909 artu

220 954 328 1017 elicito
350 956 501 1037 deformi,
526 956 693 1037 loquendo
715 957 757 1018 de
780 964 915 1037 peccato
934 955 1171 1030 commissionis;

216 1061 286 1123 alio
309 1062 410 1125 modo
437 1083 497 1144 pro
520 1064 650 1125 macula
685 1083 761 1145 quae
785 1071 929 1125 remanet
963 1071 1038 1143 post
1059 1070 1171 1132 actum,

223 1188 396 1250 quousque
419 1178 591 1249 peccatum
615 1168 711 1231 fuerit
723 1170 866 1231 deletum
879 1190 935 1249 per
948 1168 1172 1251 poenitentiam.

218 1273 338 1337 Primo
369 1275 471 1349 modo,
505 1285 613 1357 potest
640 1275 741 1337 vitare
776 1283 959 1357 peccatum,
997 1274 1071 1356 quia
1104 1293 1172 1335 cum

222 1381 324 1462 possit
346 1402 407 1461 pro
435 1382 545 1463 aliquo
569 1383 658 1444 brevi
681 1391 839 1464 tempore,
864 1390 973 1463 potest
995 1390 1028 1443 et
1039 1401 1094 1463 pro
1108 1388 1172 1441 toto

221 1496 380 1568 tempore,
414 1488 492 1550 alias
523 1497 653 1569 oportet
688 1497 892 1569 peccatorem
927 1488 1023 1550 toties
1053 1505 1172 1568 peccare

224 1594 401 1655 mortaliter
435 1604 516 1675 quot
539 1603 615 1657 sunt
644 1604 813 1657 momenta
843 1595 1009 1675 temporis.
1033 1630 1076 1641 —
1096 1594 1172 1655 Pro

221 1708 310 1762 terea
333 1710 505 1781 peccatum
531 1722 597 1763 non
619 1711 669 1764 est
692 1702 751 1763 nisi
767 1702 800 1762 in
813 1701 1080 1782 transgrediendo
1096 1718 1171 1759 man·

216 1806 337 1868 datum
363 1807 442 1883 Dei;
466 1808 523 1870 sed
554 1808 610 1889 qui
632 1809 814 1870 secundum
838 1808 972 1870 sedicit
996 1806 1171 1888 praecepiste

223 1912 333 1974 Deum
357 1913 565 1995 impossibile,
589 1915 765 1977 anathema
788 1915 837 1978 sit.

290 2018 451 2095 Secundo,
476 2021 593 2083 dicitur
616 2021 658 2083 ab
683 2022 799 2083 eodem
823 2021 913 2102 quod
937 2020 1074 2082 liberum
1103 2017 1170 2079 arbi·

220 2125 321 2187 trium
345 2147 411 2188 non
434 2136 542 2207 potest
564 2150 607 2190 ex
630 2150 664 2190 se
687 2128 788 2190 vitare
800 2148 898 2190 omne
910 2135 1080 2209 peccatum
1101 2146 1171 2185 mor-

222 2234 287 2294 tale
310 2233 377 2294 sine
401 2235 513 2315 gratia,
537 2235 614 2317 quia
636 2235 747 2297 anima
770 2235 838 2296 sine
866 2234 979 2315 gratia,
1016 2255 1076 2315 pro
1098 2240 1169 2294 statu

222 2338 295 2418 isto,
321 2341 502 2402 maculatur
526 2342 653 2403 macula
684 2362 703 2402 a
738 2362 803 2422 qua
838 2361 904 2402 non
939 2340 1091 2402 liberatur
1123 2338 1170 2399 nisi

223 2466 280 2526 per
304 2448 453 2528 gratiam.
477 2484 521 2493 -
546 2447 587 2510 Si
608 2459 715 2510 autem
732 2457 912 2529 primatum
938 2455 1050 2509 utrum
1068 2446 1126 2507 hoc
1139 2444 1171 2505 sit

223 2563 355 2634 propter
379 2554 601 2615 immediatam
625 2554 865 2635 oppositionem
890 2553 1042 2634 culpaeet
1062 2552 1170 2633 gratia,

216 2658 293 2720 ⁵dico
316 2661 405 2740 quod
430 2681 505 2733 non,
530 2661 606 2741 quia
629 2662 681 2723 illa
706 2682 771 2722 non
795 2670 886 2722 erant
910 2660 1098 2720 immediate
1125 2678 1172 2738 op-

223 2766 328 2846 posita
352 2788 411 2847 pro
435 2777 519 2829 statu
544 2767 755 2842 innocentiae;
781 2766 888 2847 potuit
912 2766 998 2827 enim
1016 2775 1094 2827 tunc
1115 2784 1171 2825 esse

223 2872 337 2953 aliquis
360 2873 391 2935 in
416 2876 504 2955 puris
528 2875 727 2936 naturalibus
758 2883 825 2935 tam
858 2874 925 2934 sine
957 2872 1062 2953 gratia
1086 2891 1170 2952 quam

217 2979 290 3040 :sine
314 2982 426 3061 culpa;
451 3002 540 3063 ergo
568 2982 651 3043 Vide
676 2982 811 3045 Scotum
847 2980 933 3041 circa
968 2998 999 3060 4.
1037 2979 1110 3040 dist.
1127 2988 1170 3058 pe-

223 3087 352 3147 nultima.
378 3110 407 3167 q.
433 3108 484 3151 II.
509 3098 542 3149 et
564 3088 651 3148 circa
674 3108 704 3149 2.
729 3110 758 3167 q.
775 3086 829 3149 28.
855 3085 994 3145 -Dz'co
1007 3105 1084 3165 ergo
1096 3083 1168 3165 quod

223 3193 286 3254 hoc
309 3203 358 3254 est
381 3216 423 3255 ex
433 3194 557 3275 justitia
581 3195 760 3267 universali,
774 3194 850 3274 quia
863 3193 894 3253 in
909 3191 997 3253 nullo
1012 3191 1167 3252 remittitur

223 3299 388 3361 inimicitia
412 3302 470 3362 nisi
495 3300 551 3363 frat
586 3322 651 3361 non
688 3310 816 3362 tantum
848 3299 981 3370 amicuS,
1007 3297 1166 3358 sedetiam

216 3406 346 3467 amicus
370 3417 522 3489 acceptus
546 3430 603 3489 pcr
627 3408 765 3488 gratiam
790 3415 920 3487 gratum
945 3404 1122 3465 facientem.

289 3618 350 3677 Ao
374 3621 521 3681 Paruum
547 3635 763 3681 PRINCJPALE
788 3620 860 3680 dico
885 3618 974 3699 quod
999 3618 1073 3679 licet
1088 3614 1162 3677 illide
