2634 4267
266 266 333 344 236
494 263 569 326 Lm.
593 263 623 326 11
648 262 942 328 SENTsNuARUM
1015 265 1019 272 “

243 470 326 535 teria
356 478 495 533 nonest
525 470 648 552 aliquid
672 489 785 532 eorum
821 470 941 551 quibus
976 470 1199 532 determinatur

243 597 313 651 ens,
349 577 431 639 sicut
454 584 530 639 sunt
563 577 685 658 species
709 584 741 638 et
763 575 971 652 differentiae;
996 576 1054 638 sed
1078 575 1198 638 materia

243 691 295 746 est
317 683 439 764 aliquid
463 683 763 746 indeterminatum.

291 791 350 853 Ad
361 790 536 853 secundum
552 790 627 852 dico
650 789 740 872 quod
756 809 826 852 esse
849 789 1048 852 affirmatum
1071 790 1110 851 de
1131 788 1197 850 sub-

241 895 333 978 jecto
357 906 467 959 motus
489 905 536 959 est
559 917 628 960 esse
651 897 684 958 in
708 905 793 971 actu,
818 896 902 958 sicut
925 896 1032 977 patuit
1055 916 1145 977 supra
1168 895 1197 955 in

247 1003 430 1086 quaestione
452 1004 493 1066 de
517 1012 610 1066 motu
646 1003 850 1085 angelorum,
875 1011 907 1066 et
931 1002 995 1065 hoc
1020 1023 1085 1065 esse
1107 1021 1197 1063 remo

246 1119 342 1172 vetur
364 1131 384 1172 a
407 1109 555 1191 subjecto
577 1109 794 1195 generationis
818 1110 980 1172 sumendo
1005 1129 1127 1191 semper
1144 1127 1195 1190 pro

245 1237 317 1278 esse
340 1216 372 1278 in
395 1225 470 1279 actu
495 1215 631 1278 formali.

315 1323 374 1385 Ad
394 1323 548 1385 ultimum
571 1323 645 1385 dico
669 1323 758 1405 quod
784 1322 918 1386 materia
941 1331 990 1384 est
1022 1343 1078 1404 per
1099 1341 1129 1383 se
1148 1341 1195 1382 co·
1277 1367 1278 1370 η

246 1430 441 1514 gnoscibilis,
466 1431 522 1493 sed
557 1429 583 1492 si
607 1450 673 1492 non
697 1429 915 1512 cognoscitur,
953 1428 1016 1492 hoc
1040 1438 1086 1492 est
1113 1447 1195 1510 prop

246 1545 298 1598 ter
321 1535 485 1599 defectum
508 1536 690 1600 intellectus
714 1536 823 1598 nostri.

608 1750 785 1832 QUAEsuo
809 1750 849 1815 11.

563 1909 709 1974 Secundo
731 1910 899 1992 quaritur.

303 2051 411 2106 Utrum
428 2050 551 2105 materia
568 2049 795 2119 perpotentiam
818 2049 944 2105 divinam
962 2049 1050 2118 posslt
1075 2062 1128 2104 esse
1143 2045 1191 2101 sine
1279 2041 1280 2046 ’

248 2140 353 2195 torma.

296 2284 436 2347 Videtur
470 2286 560 2366 quod
584 2305 661 2359 non,
696 2284 772 2365 quia
807 2282 1004 2366 privationes
1034 2282 1191 2345 formarum

250 2392 477 2473 oppositarum
501 2399 576 2454 sunt
600 2390 778 2472 oppositae3
803 2390 859 2452 sed
883 2390 1035 2471 opposita
1058 2409 1118 2451 non
1132 2405 1192 2469 pos·
1280 2401 1281 2416 ³

249 2508 328 2561 sunt
350 2498 446 2561 simul
469 2518 538 2560 esse
561 2498 594 2560 in
617 2498 734 2560 eodem
770 2497 927 2577 subjecta
954 2496 988 2561 Si
1011 2506 1117 2559 autem
1138 2511 1192 2554 ma-

250 2605 331 2667 teria
353 2614 436 2668 esset
466 2604 534 2667 sine
557 2605 646 2667 omni
679 2602 794 2678 forma,
818 2613 897 2666 tunc
933 2605 1085 2686 opposita
1105 2605 1192 2664 essent

250 2709 285 2772 in
308 2732 355 2773 ea.

321 2834 350 2879 2.
375 2819 543 2891 Praeterea,
561 2816 634 2898 plus
647 2816 746 2878 habet
763 2817 804 2879 de
820 2815 1006 2879 actualitate
1030 2814 1128 2877 forma
1141 2830 1193 2872 ma·

250 2925 370 2987 terialis
393 2945 493 3006 quam
518 2923 670 2998 materia;
695 2924 751 2985 sed
776 2925 867 2985 Deus
890 2943 956 2985 non
980 2931 1088 3004 potest
1108 2918 1193 2982 facere

251 3030 392 3094 formam
411 3031 610 3093 materialem
634 3029 702 3091 sine
718 3030 875 3111 subject0,
900 3038 981 3111 puta
1006 3024 1193 3092 motumsine

255 3138 385 3215 mobili;
409 3158 498 3219 ergo,

324 3261 352 3322 3.
377 3245 545 3307 Praeterea.
564 3244 665 3327 Hugo
677 3244 716 3307 de
733 3243 881 3307 Sacram.
888 3253 978 3324 part.
993 3261 1023 3305 Ι.
1037 3241 1111 3304 dicit
1121 3232 1193 3320 quod

254 3351 390 3413 materia
413 3372 479 3413 non
503 3360 610 3433 potest
633 3371 702 3413 esse
726 3351 794 3413 sine
817 3349 932 3413 forma.

321 3475 352 3534 4.
377 3457 546 3530 Praeterea,
571 3457 657 3519 idem
682 3457 800 3539 probat
816 3455 988 3518 Avicenna
1011 3475 1043 3522 2.
1068 3444 1194 3532 Metaplt.

252 3584 280 3624 c.
308 3581 342 3641 5.
367 3572 399 3625 et
430 3563 623 3625 Aristoteles
658 3582 688 3628 1.
713 3563 751 3626 de
771 3572 917 3645 generat,
952 3571 1022 3642 cap.
1055 3562 1092 3624 de
1128 3573 1196 3636 aug·

255 3678 370 3732 mento·
