<?xml version="1.0" encoding="UTF-8"?>
<!DOCTYPE html PUBLIC "-//W3C//DTD XHTML 1.0 Transitional//EN"
    "http://www.w3.org/TR/xhtml1/DTD/xhtml1-transitional.dtd">
<html xmlns="http://www.w3.org/1999/xhtml" xml:lang="en" lang="en">
 <head>
  <title>
</title>
<meta http-equiv="Content-Type" content="text/html;charset=utf-8" />
  <meta name='ocr-system' content='tesseract 3.04.00' />
  <meta name='ocr-capabilities' content='ocr_page ocr_carea ocr_par ocr_line ocrx_word'/>
</head>
<body>
  <div class='ocr_page' id='page_1' title='image "./commentariainli00scotgoog_0228.png"; bbox 0 0 2634 4267; ppageno 0'>
   <div class='ocr_carea' id='block_1_1' title="bbox 167 197 986 276">
    <p class='ocr_par' dir='ltr' id='par_1_1' title="bbox 167 197 986 276">
     <span class='ocr_line' id='line_1_1' title="bbox 167 197 986 276; baseline -0.002 0"><span class='ocrx_word' id='word_1_1' title='bbox 167 197 177 218; x_wconf 76' lang='lat'>⁸</span> <span class='ocrx_word' id='word_1_2' title='bbox 265 215 330 276; x_wconf 90' lang='lat'>216</span> <span class='ocrx_word' id='word_1_3' title='bbox 531 213 605 276; x_wconf 82' lang='lat' dir='ltr'>Lra.</span> <span class='ocrx_word' id='word_1_4' title='bbox 630 213 660 274; x_wconf 87' lang='grc' dir='ltr'>ΙΙ</span> <span class='ocrx_word' id='word_1_5' title='bbox 685 212 986 276; x_wconf 73' lang='lat' dir='ltr'>Sarrrnurrnaoru</span> 
     </span>
    </p>
   </div>
   <div class='ocr_carea' id='block_1_2' title="bbox 241 416 1194 3693">
    <p class='ocr_par' dir='ltr' id='par_1_2' title="bbox 241 416 1193 1012">
     <span class='ocr_line' id='line_1_2' title="bbox 241 416 1192 499; baseline -0.004 -19"><span class='ocrx_word' id='word_1_6' title='bbox 241 418 298 480; x_wconf 92' lang='lat' dir='ltr'>sed</span> <span class='ocrx_word' id='word_1_7' title='bbox 314 416 416 480; x_wconf 91' lang='lat' dir='ltr'>homo</span> <span class='ocrx_word' id='word_1_8' title='bbox 432 425 538 499; x_wconf 90' lang='lat' dir='ltr'>potest</span> <span class='ocrx_word' id='word_1_9' title='bbox 554 417 713 480; x_wconf 89' lang='lat' dir='ltr'>consiliari</span> <span class='ocrx_word' id='word_1_10' title='bbox 737 425 769 480; x_wconf 89' lang='lat' dir='ltr'>et</span> <span class='ocrx_word' id='word_1_11' title='bbox 793 417 883 498; x_wconf 89' lang='lat' dir='ltr'>loqui</span> <span class='ocrx_word' id='word_1_12' title='bbox 901 437 979 478; x_wconf 85' lang='lat' dir='ltr'>cunr</span> <span class='ocrx_word' id='word_1_13' title='bbox 1005 436 1068 478; x_wconf 91' lang='lat' dir='ltr'>uno</span> <span class='ocrx_word' id='word_1_14' title='bbox 1083 424 1192 477; x_wconf 85' lang='lat' dir='ltr'>secrete</span> 
     </span>
     <span class='ocr_line' id='line_1_3' title="bbox 242 522 1193 606; baseline -0.004 -20"><span class='ocrx_word' id='word_1_15' title='bbox 242 545 308 586; x_wconf 92' lang='lat' dir='ltr'>non</span> <span class='ocrx_word' id='word_1_16' title='bbox 332 525 496 606; x_wconf 91' lang='lat' dir='ltr'>loquendo</span> <span class='ocrx_word' id='word_1_17' title='bbox 520 524 687 592; x_wconf 81' lang='lat' dir='ltr'>eumalio:</span> <span class='ocrx_word' id='word_1_18' title='bbox 708 544 797 605; x_wconf 82' lang='lat' dir='ltr'>ergo</span> <span class='ocrx_word' id='word_1_19' title='bbox 822 559 867 570; x_wconf 96' lang='lat'>—</span> <span class='ocrx_word' id='word_1_20' title='bbox 891 523 1039 586; x_wconf 82' lang='lat' dir='ltr'>Secundo</span> <span class='ocrx_word' id='word_1_21' title='bbox 1051 522 1119 604; x_wconf 90' lang='lat' dir='ltr'>quia</span> <span class='ocrx_word' id='word_1_22' title='bbox 1140 543 1193 583; x_wconf 91' lang='lat' dir='ltr'>an-</span> 
     </span>
     <span class='ocr_line' id='line_1_4' title="bbox 242 629 1191 714; baseline -0.003 -22"><span class='ocrx_word' id='word_1_23' title='bbox 242 631 334 714; x_wconf 85' lang='lat' dir='ltr'>gelus</span> <span class='ocrx_word' id='word_1_24' title='bbox 346 631 451 692; x_wconf 92' lang='lat' dir='ltr'>bonus</span> <span class='ocrx_word' id='word_1_25' title='bbox 464 651 529 692; x_wconf 94' lang='lat' dir='ltr'>non</span> <span class='ocrx_word' id='word_1_26' title='bbox 547 640 655 712; x_wconf 89' lang='lat' dir='ltr'>posset</span> <span class='ocrx_word' id='word_1_27' title='bbox 672 629 760 713; x_wconf 90' lang='lat' dir='ltr'>loqui</span> <span class='ocrx_word' id='word_1_28' title='bbox 776 629 910 711; x_wconf 81' lang='lat' dir='ltr'>aliquod</span> <span class='ocrx_word' id='word_1_29' title='bbox 922 638 1085 692; x_wconf 89' lang='lat' dir='ltr'>secretum</span> <span class='ocrx_word' id='word_1_30' title='bbox 1100 629 1191 705; x_wconf 90' lang='lat' dir='ltr'>alteri,</span> 
     </span>
     <span class='ocr_line' id='line_1_5' title="bbox 241 735 1191 820; baseline -0.003 -21"><span class='ocrx_word' id='word_1_31' title='bbox 241 737 331 820; x_wconf 91' lang='lat' dir='ltr'>quod</span> <span class='ocrx_word' id='word_1_32' title='bbox 355 738 467 800; x_wconf 91' lang='lat' dir='ltr'>lateret</span> <span class='ocrx_word' id='word_1_33' title='bbox 489 738 644 819; x_wconf 82' lang='lat' dir='ltr'>angelum</span> <span class='ocrx_word' id='word_1_34' title='bbox 670 737 792 799; x_wconf 90' lang='lat' dir='ltr'>malum</span> <span class='ocrx_word' id='word_1_35' title='bbox 817 737 842 798; x_wconf 93' lang='lat' dir='ltr'>si</span> <span class='ocrx_word' id='word_1_36' title='bbox 858 744 941 798; x_wconf 87' lang='lat' dir='ltr'>esset</span> <span class='ocrx_word' id='word_1_37' title='bbox 960 736 1093 810; x_wconf 76' lang='lat' dir='ltr'>medius</span> <span class='ocrx_word' id='word_1_38' title='bbox 1109 735 1191 819; x_wconf 90' lang='lat' dir='ltr'>quod</span> 
     </span>
     <span class='ocr_line' id='line_1_6' title="bbox 241 843 1193 924; baseline -0.005 -18"><span class='ocrx_word' id='word_1_39' title='bbox 241 852 289 906; x_wconf 91' lang='lat' dir='ltr'>est</span> <span class='ocrx_word' id='word_1_40' title='bbox 323 844 552 906; x_wconf 86' lang='lat' dir='ltr'>inconveniens</span> <span class='ocrx_word' id='word_1_41' title='bbox 586 853 618 906; x_wconf 91' lang='lat' dir='ltr'>et</span> <span class='ocrx_word' id='word_1_42' title='bbox 644 853 758 906; x_wconf 89' lang='lat' dir='ltr'>contra</span> <span class='ocrx_word' id='word_1_43' title='bbox 794 843 1074 924; x_wconf 89' lang='lat' dir='ltr'>Chrysostomum</span> <span class='ocrx_word' id='word_1_44' title='bbox 1106 862 1193 924; x_wconf 87' lang='lat' dir='ltr'>super</span> 
     </span>
     <span class='ocr_line' id='line_1_7' title="bbox 242 950 361 1012; baseline -0.017 1"><span class='ocrx_word' id='word_1_45' title='bbox 242 950 361 1012; x_wconf 87' lang='lat' dir='ltr'>Matth.</span> 
     </span>
    </p>

    <p class='ocr_par' dir='ltr' id='par_1_3' title="bbox 242 1056 1192 1353">
     <span class='ocr_line' id='line_1_8' title="bbox 308 1056 1191 1139; baseline -0.003 -21"><span class='ocrx_word' id='word_1_46' title='bbox 308 1057 383 1118; x_wconf 80' lang='lat' dir='ltr'>Ideo</span> <span class='ocrx_word' id='word_1_47' title='bbox 405 1067 453 1119; x_wconf 85' lang='lat' dir='ltr'>est</span> <span class='ocrx_word' id='word_1_48' title='bbox 473 1056 544 1119; x_wconf 84' lang='lat' dir='ltr'>ulia</span> <span class='ocrx_word' id='word_1_49' title='bbox 566 1057 683 1138; x_wconf 80' lang='lat' dir='ltr'>opinio,</span> <span class='ocrx_word' id='word_1_50' title='bbox 708 1057 799 1138; x_wconf 91' lang='lat' dir='ltr'>quod</span> <span class='ocrx_word' id='word_1_51' title='bbox 822 1058 931 1139; x_wconf 85' lang='lat' dir='ltr'>angeli</span> <span class='ocrx_word' id='word_1_52' title='bbox 956 1057 1097 1119; x_wconf 84' lang='lat' dir='ltr'>habeant</span> <span class='ocrx_word' id='word_1_53' title='bbox 1118 1056 1191 1116; x_wconf 89' lang='lat' dir='ltr'>inter</span> 
     </span>
     <span class='ocr_line' id='line_1_9' title="bbox 242 1163 1192 1246; baseline -0.005 -20"><span class='ocrx_word' id='word_1_54' title='bbox 242 1184 276 1226; x_wconf 90' lang='lat' dir='ltr'>se</span> <span class='ocrx_word' id='word_1_55' title='bbox 298 1163 391 1245; x_wconf 91' lang='lat' dir='ltr'>signa</span> <span class='ocrx_word' id='word_1_56' title='bbox 414 1172 536 1225; x_wconf 91' lang='lat' dir='ltr'>secreta</span> <span class='ocrx_word' id='word_1_57' title='bbox 551 1174 584 1226; x_wconf 91' lang='lat' dir='ltr'>et</span> <span class='ocrx_word' id='word_1_58' title='bbox 601 1163 734 1245; x_wconf 89' lang='lat' dir='ltr'>privata,</span> <span class='ocrx_word' id='word_1_59' title='bbox 751 1172 784 1226; x_wconf 92' lang='lat' dir='ltr'>et</span> <span class='ocrx_word' id='word_1_60' title='bbox 807 1185 865 1245; x_wconf 92' lang='lat' dir='ltr'>per</span> <span class='ocrx_word' id='word_1_61' title='bbox 881 1163 958 1226; x_wconf 90' lang='lat' dir='ltr'>talia</span> <span class='ocrx_word' id='word_1_62' title='bbox 982 1164 1075 1246; x_wconf 89' lang='lat' dir='ltr'>signa</span> <span class='ocrx_word' id='word_1_63' title='bbox 1099 1170 1192 1244; x_wconf 89' lang='lat' dir='ltr'>potest</span> 
     </span>
     <span class='ocr_line' id='line_1_10' title="bbox 243 1270 682 1353; baseline 0.011 -22"><span class='ocrx_word' id='word_1_64' title='bbox 243 1271 331 1353; x_wconf 91' lang='lat' dir='ltr'>loqui</span> <span class='ocrx_word' id='word_1_65' title='bbox 356 1271 467 1332; x_wconf 89' lang='lat' dir='ltr'>uniet</span> <span class='ocrx_word' id='word_1_66' title='bbox 491 1292 556 1332; x_wconf 92' lang='lat' dir='ltr'>non</span> <span class='ocrx_word' id='word_1_67' title='bbox 581 1270 682 1336; x_wconf 88' lang='lat' dir='ltr'>alteri.</span> 
     </span>
    </p>

    <p class='ocr_par' dir='ltr' id='par_1_4' title="bbox 242 1369 1194 1990">
     <span class='ocr_line' id='line_1_11' title="bbox 310 1369 1192 1462; baseline -0.006 -22"><span class='ocrx_word' id='word_1_68' title='bbox 310 1377 446 1440; x_wconf 86' lang='lat' dir='ltr'>Contra:</span> <span class='ocrx_word' id='word_1_69' title='bbox 471 1369 613 1439; x_wconf 85' lang='lat' dir='ltr'>intimior</span> <span class='ocrx_word' id='word_1_70' title='bbox 636 1386 685 1439; x_wconf 90' lang='lat' dir='ltr'>est</span> <span class='ocrx_word' id='word_1_71' title='bbox 708 1377 844 1439; x_wconf 84' lang='lat' dir='ltr'>essentia</span> <span class='ocrx_word' id='word_1_72' title='bbox 868 1377 976 1458; x_wconf 87' lang='lat' dir='ltr'>angeli</span> <span class='ocrx_word' id='word_1_73' title='bbox 1000 1377 1070 1462; x_wconf 81' lang='lat' dir='ltr'>sibi,</span> <span class='ocrx_word' id='word_1_74' title='bbox 1104 1395 1192 1458; x_wconf 89' lang='lat' dir='ltr'>quarn</span> 
     </span>
     <span class='ocr_line' id='line_1_12' title="bbox 242 1483 1194 1568; baseline -0.004 -24"><span class='ocrx_word' id='word_1_75' title='bbox 242 1484 464 1565; x_wconf 89' lang='lat' dir='ltr'>quodcunque</span> <span class='ocrx_word' id='word_1_76' title='bbox 479 1484 628 1568; x_wconf 76' lang='lat' dir='ltr'>signum3</span> <span class='ocrx_word' id='word_1_77' title='bbox 644 1484 780 1545; x_wconf 89' lang='lat' dir='ltr'>sednon</span> <span class='ocrx_word' id='word_1_78' title='bbox 797 1484 949 1546; x_wconf 90' lang='lat' dir='ltr'>obstante</span> <span class='ocrx_word' id='word_1_79' title='bbox 961 1484 1022 1545; x_wconf 91' lang='lat' dir='ltr'>ista</span> <span class='ocrx_word' id='word_1_80' title='bbox 1034 1483 1194 1546; x_wconf 88' lang='lat' dir='ltr'>intimitate</span> 
     </span>
     <span class='ocr_line' id='line_1_13' title="bbox 242 1589 1192 1672; baseline -0.003 -21"><span class='ocrx_word' id='word_1_81' title='bbox 242 1589 379 1652; x_wconf 89' lang='lat' dir='ltr'>essentia</span> <span class='ocrx_word' id='word_1_82' title='bbox 403 1590 497 1652; x_wconf 91' lang='lat' dir='ltr'>unius</span> <span class='ocrx_word' id='word_1_83' title='bbox 512 1590 619 1672; x_wconf 83' lang='lat' dir='ltr'>angeli</span> <span class='ocrx_word' id='word_1_84' title='bbox 643 1599 721 1652; x_wconf 90' lang='lat' dir='ltr'>nota</span> <span class='ocrx_word' id='word_1_85' title='bbox 744 1598 793 1652; x_wconf 89' lang='lat' dir='ltr'>est</span> <span class='ocrx_word' id='word_1_86' title='bbox 808 1590 913 1666; x_wconf 87' lang='lat' dir='ltr'>alteri;</span> <span class='ocrx_word' id='word_1_87' title='bbox 938 1611 1029 1672; x_wconf 85' lang='lat' dir='ltr'>ergo</span> <span class='ocrx_word' id='word_1_88' title='bbox 1054 1627 1097 1637; x_wconf 93' lang='lat'>-</span> <span class='ocrx_word' id='word_1_89' title='bbox 1119 1590 1192 1650; x_wconf 81' lang='lat' dir='ltr'>Prae-</span> 
     </span>
     <span class='ocr_line' id='line_1_14' title="bbox 243 1693 1193 1777; baseline -0.006 -19"><span class='ocrx_word' id='word_1_90' title='bbox 243 1706 338 1769; x_wconf 83' lang='lat' dir='ltr'>terea,</span> <span class='ocrx_word' id='word_1_91' title='bbox 364 1697 498 1777; x_wconf 91' lang='lat' dir='ltr'>quando</span> <span class='ocrx_word' id='word_1_92' title='bbox 521 1696 720 1758; x_wconf 90' lang='lat' dir='ltr'>conveniunt</span> <span class='ocrx_word' id='word_1_93' title='bbox 732 1696 774 1758; x_wconf 91' lang='lat' dir='ltr'>ad</span> <span class='ocrx_word' id='word_1_94' title='bbox 797 1696 937 1758; x_wconf 88' lang='lat' dir='ltr'>invicem</span> <span class='ocrx_word' id='word_1_95' title='bbox 962 1697 1004 1759; x_wconf 88' lang='lat' dir='ltr'>de</span> <span class='ocrx_word' id='word_1_96' title='bbox 1027 1696 1094 1758; x_wconf 91' lang='lat' dir='ltr'>istis</span> <span class='ocrx_word' id='word_1_97' title='bbox 1108 1693 1193 1776; x_wconf 89' lang='lat' dir='ltr'>signis</span> 
     </span>
     <span class='ocr_line' id='line_1_15' title="bbox 243 1795 1193 1884; baseline -0.005 -19"><span class='ocrx_word' id='word_1_98' title='bbox 243 1803 381 1876; x_wconf 89' lang='lat' dir='ltr'>secretis,</span> <span class='ocrx_word' id='word_1_99' title='bbox 405 1823 506 1883; x_wconf 88' lang='lat' dir='ltr'>quare</span> <span class='ocrx_word' id='word_1_100' title='bbox 529 1823 594 1864; x_wconf 94' lang='lat' dir='ltr'>non</span> <span class='ocrx_word' id='word_1_101' title='bbox 617 1799 726 1883; x_wconf 68' lang='lat' dir='ltr'>&#39;potuit</span> <span class='ocrx_word' id='word_1_102' title='bbox 741 1802 854 1865; x_wconf 89' lang='lat' dir='ltr'>tertius</span> <span class='ocrx_word' id='word_1_103' title='bbox 877 1803 1014 1884; x_wconf 89' lang='lat' dir='ltr'>angelus</span> <span class='ocrx_word' id='word_1_104' title='bbox 1038 1795 1106 1866; x_wconf 85' lang='lat' dir='ltr'>esse</span> <span class='ocrx_word' id='word_1_105' title='bbox 1124 1820 1193 1884; x_wconf 84' lang='lat' dir='ltr'>prae-</span> 
     </span>
     <span class='ocr_line' id='line_1_16' title="bbox 243 1908 759 1990; baseline -0.004 -18"><span class='ocrx_word' id='word_1_106' title='bbox 243 1930 315 1972; x_wconf 90' lang='lat' dir='ltr'>sens</span> <span class='ocrx_word' id='word_1_107' title='bbox 338 1908 393 1990; x_wconf 88' lang='lat' dir='ltr'>qui</span> <span class='ocrx_word' id='word_1_108' title='bbox 417 1909 545 1971; x_wconf 89' lang='lat' dir='ltr'>audiret</span> <span class='ocrx_word' id='word_1_109' title='bbox 568 1909 628 1970; x_wconf 91' lang='lat' dir='ltr'>ista</span> <span class='ocrx_word' id='word_1_110' title='bbox 652 1918 759 1989; x_wconf 90' lang='lat' dir='ltr'>pacta.</span> 
     </span>
    </p>

    <p class='ocr_par' dir='ltr' id='par_1_5' title="bbox 243 2011 1193 2502">
     <span class='ocr_line' id='line_1_17' title="bbox 309 2011 1193 2097; baseline -0.008 -20"><span class='ocrx_word' id='word_1_111' title='bbox 309 2016 384 2078; x_wconf 83' lang='lat' dir='ltr'>Ideo</span> <span class='ocrx_word' id='word_1_112' title='bbox 406 2025 454 2077; x_wconf 80' lang='lat' dir='ltr'>est</span> <span class='ocrx_word' id='word_1_113' title='bbox 475 2015 572 2078; x_wconf 81' lang='lat' dir='ltr'>tertia</span> <span class='ocrx_word' id='word_1_114' title='bbox 602 2015 722 2096; x_wconf 83' lang='lat' dir='ltr'>opinio,</span> <span class='ocrx_word' id='word_1_115' title='bbox 750 2015 844 2097; x_wconf 92' lang='lat' dir='ltr'>quod</span> <span class='ocrx_word' id='word_1_116' title='bbox 868 2014 930 2078; x_wconf 91' lang='lat' dir='ltr'>hoc</span> <span class='ocrx_word' id='word_1_117' title='bbox 962 2023 1011 2078; x_wconf 93' lang='lat' dir='ltr'>est</span> <span class='ocrx_word' id='word_1_118' title='bbox 1034 2015 1108 2078; x_wconf 91' lang='lat' dir='ltr'>ideo</span> <span class='ocrx_word' id='word_1_119' title='bbox 1129 2011 1193 2095; x_wconf 84' lang='lat' dir='ltr'>quia</span> 
     </span>
     <span class='ocr_line' id='line_1_18' title="bbox 243 2121 1192 2204; baseline -0.007 -20"><span class='ocrx_word' id='word_1_120' title='bbox 243 2123 349 2204; x_wconf 87' lang='lat' dir='ltr'>angeli</span> <span class='ocrx_word' id='word_1_121' title='bbox 374 2131 450 2184; x_wconf 87' lang='lat' dir='ltr'>sunt</span> <span class='ocrx_word' id='word_1_122' title='bbox 474 2124 604 2204; x_wconf 84' lang='lat' dir='ltr'>specula</span> <span class='ocrx_word' id='word_1_123' title='bbox 634 2123 826 2197; x_wconf 88' lang='lat' dir='ltr'>voluntaria,</span> <span class='ocrx_word' id='word_1_124' title='bbox 853 2123 941 2184; x_wconf 91' lang='lat' dir='ltr'>unde</span> <span class='ocrx_word' id='word_1_125' title='bbox 964 2122 990 2184; x_wconf 91' lang='lat' dir='ltr'>si</span> <span class='ocrx_word' id='word_1_126' title='bbox 1014 2131 1118 2184; x_wconf 87' lang='lat' dir='ltr'>essent</span> <span class='ocrx_word' id='word_1_127' title='bbox 1138 2121 1192 2181; x_wconf 91' lang='lat' dir='ltr'>duo</span> 
     </span>
     <span class='ocr_line' id='line_1_19' title="bbox 243 2228 1192 2310; baseline -0.004 -20"><span class='ocrx_word' id='word_1_128' title='bbox 243 2229 375 2310; x_wconf 89' lang='lat' dir='ltr'>specula</span> <span class='ocrx_word' id='word_1_129' title='bbox 406 2228 465 2289; x_wconf 89' lang='lat' dir='ltr'>sibi</span> <span class='ocrx_word' id='word_1_130' title='bbox 491 2238 607 2290; x_wconf 90' lang='lat' dir='ltr'>mutuo</span> <span class='ocrx_word' id='word_1_131' title='bbox 639 2229 800 2310; x_wconf 89' lang='lat' dir='ltr'>opposita,</span> <span class='ocrx_word' id='word_1_132' title='bbox 825 2237 934 2310; x_wconf 90' lang='lat' dir='ltr'>potest</span> <span class='ocrx_word' id='word_1_133' title='bbox 966 2249 1071 2290; x_wconf 91' lang='lat' dir='ltr'>unum</span> <span class='ocrx_word' id='word_1_134' title='bbox 1094 2245 1192 2310; x_wconf 87' lang='lat' dir='ltr'>specu·</span> 
     </span>
     <span class='ocr_line' id='line_1_20' title="bbox 244 2333 1191 2417; baseline -0.005 -21"><span class='ocrx_word' id='word_1_135' title='bbox 244 2335 312 2396; x_wconf 90' lang='lat' dir='ltr'>lurn</span> <span class='ocrx_word' id='word_1_136' title='bbox 337 2335 517 2397; x_wconf 88' lang='lat' dir='ltr'>voluntarie</span> <span class='ocrx_word' id='word_1_137' title='bbox 541 2355 575 2396; x_wconf 94' lang='lat' dir='ltr'>se</span> <span class='ocrx_word' id='word_1_138' title='bbox 598 2335 736 2417; x_wconf 87' lang='lat' dir='ltr'>dirigere</span> <span class='ocrx_word' id='word_1_139' title='bbox 758 2336 801 2397; x_wconf 92' lang='lat' dir='ltr'>ad</span> <span class='ocrx_word' id='word_1_140' title='bbox 837 2355 941 2397; x_wconf 89' lang='lat' dir='ltr'>unum</span> <span class='ocrx_word' id='word_1_141' title='bbox 965 2344 998 2398; x_wconf 90' lang='lat' dir='ltr'>et</span> <span class='ocrx_word' id='word_1_142' title='bbox 1022 2356 1087 2397; x_wconf 93' lang='lat' dir='ltr'>non</span> <span class='ocrx_word' id='word_1_143' title='bbox 1109 2333 1148 2396; x_wconf 92' lang='lat' dir='ltr'>ad</span> <span class='ocrx_word' id='word_1_144' title='bbox 1167 2351 1191 2391; x_wconf 87' lang='lat' dir='ltr'>a·</span> 
     </span>
     <span class='ocr_line' id='line_1_21' title="bbox 244 2440 333 2502; baseline 0.011 -1"><span class='ocrx_word' id='word_1_145' title='bbox 244 2440 333 2502; x_wconf 87' lang='lat' dir='ltr'>lium.</span> 
     </span>
    </p>

    <p class='ocr_par' dir='ltr' id='par_1_6' title="bbox 244 2545 1192 3250">
     <span class='ocr_line' id='line_1_22' title="bbox 312 2545 1192 2629; baseline -0.008 -19"><span class='ocrx_word' id='word_1_146' title='bbox 312 2548 443 2621; x_wconf 88' lang='lat' dir='ltr'>Contra,</span> <span class='ocrx_word' id='word_1_147' title='bbox 469 2548 618 2628; x_wconf 90' lang='lat' dir='ltr'>quamvis</span> <span class='ocrx_word' id='word_1_148' title='bbox 653 2548 897 2629; x_wconf 71' lang='lat' dir='ltr'>repraesentatio</span> <span class='ocrx_word' id='word_1_149' title='bbox 928 2548 1073 2610; x_wconf 86' lang='lat' dir='ltr'>subsistit</span> <span class='ocrx_word' id='word_1_150' title='bbox 1094 2545 1192 2609; x_wconf 91' lang='lat' dir='ltr'>volun·</span> 
     </span>
     <span class='ocr_line' id='line_1_23' title="bbox 244 2652 1191 2735; baseline -0.008 -19"><span class='ocrx_word' id='word_1_151' title='bbox 244 2655 312 2728; x_wconf 87' lang='lat' dir='ltr'>tati,</span> <span class='ocrx_word' id='word_1_152' title='bbox 337 2664 448 2716; x_wconf 89' lang='lat' dir='ltr'>tamen</span> <span class='ocrx_word' id='word_1_153' title='bbox 465 2662 641 2735; x_wconf 89' lang='lat' dir='ltr'>postquam</span> <span class='ocrx_word' id='word_1_154' title='bbox 667 2655 911 2735; x_wconf 68' lang='lat' dir='ltr'>repraesentatio</span> <span class='ocrx_word' id='word_1_155' title='bbox 927 2664 959 2716; x_wconf 90' lang='lat' dir='ltr'>et</span> <span class='ocrx_word' id='word_1_156' title='bbox 984 2655 1102 2718; x_wconf 90' lang='lat' dir='ltr'>locutio</span> <span class='ocrx_word' id='word_1_157' title='bbox 1122 2652 1191 2714; x_wconf 85' lang='lat' dir='ltr'>lacta</span> 
     </span>
     <span class='ocr_line' id='line_1_24' title="bbox 244 2759 1191 2842; baseline -0.01 -20"><span class='ocrx_word' id='word_1_158' title='bbox 244 2762 347 2823; x_wconf 89' lang='lat' dir='ltr'>estin</span> <span class='ocrx_word' id='word_1_159' title='bbox 371 2761 487 2823; x_wconf 83' lang='lat' dir='ltr'>effectu</span> <span class='ocrx_word' id='word_1_160' title='bbox 511 2761 640 2823; x_wconf 88' lang='lat' dir='ltr'>videtur</span> <span class='ocrx_word' id='word_1_161' title='bbox 665 2781 733 2822; x_wconf 90' lang='lat' dir='ltr'>esse</span> <span class='ocrx_word' id='word_1_162' title='bbox 756 2761 922 2842; x_wconf 89' lang='lat' dir='ltr'>objectum</span> <span class='ocrx_word' id='word_1_163' title='bbox 958 2762 1102 2824; x_wconf 91' lang='lat' dir='ltr'>naturale</span> <span class='ocrx_word' id='word_1_164' title='bbox 1124 2759 1191 2821; x_wconf 90' lang='lat' dir='ltr'>sicut</span> 
     </span>
     <span class='ocr_line' id='line_1_25' title="bbox 244 2867 1188 2950; baseline -0.002 -20"><span class='ocrx_word' id='word_1_165' title='bbox 244 2868 342 2930; x_wconf 89' lang='lat' dir='ltr'>etiam</span> <span class='ocrx_word' id='word_1_166' title='bbox 366 2875 502 2949; x_wconf 91' lang='lat' dir='ltr'>apparet</span> <span class='ocrx_word' id='word_1_167' title='bbox 525 2867 557 2929; x_wconf 91' lang='lat' dir='ltr'>in</span> <span class='ocrx_word' id='word_1_168' title='bbox 575 2867 679 2940; x_wconf 85' lang='lat' dir='ltr'>nobis,</span> <span class='ocrx_word' id='word_1_169' title='bbox 703 2868 793 2948; x_wconf 92' lang='lat' dir='ltr'>quod</span> <span class='ocrx_word' id='word_1_170' title='bbox 810 2868 931 2930; x_wconf 90' lang='lat' dir='ltr'>locutio</span> <span class='ocrx_word' id='word_1_171' title='bbox 954 2878 1127 2950; x_wconf 88' lang='lat' dir='ltr'>antequam</span> <span class='ocrx_word' id='word_1_172' title='bbox 1142 2881 1188 2944; x_wconf 84' lang='lat' dir='ltr'>po·</span> 
     </span>
     <span class='ocr_line' id='line_1_26' title="bbox 245 2973 1190 3055; baseline -0.006 -19"><span class='ocrx_word' id='word_1_173' title='bbox 245 2975 331 3037; x_wconf 89' lang='lat' dir='ltr'>nitur</span> <span class='ocrx_word' id='word_1_174' title='bbox 354 2974 387 3035; x_wconf 90' lang='lat' dir='ltr'>in</span> <span class='ocrx_word' id='word_1_175' title='bbox 411 2973 527 3036; x_wconf 89' lang='lat' dir='ltr'>effectu</span> <span class='ocrx_word' id='word_1_176' title='bbox 552 2974 663 3035; x_wconf 90' lang='lat' dir='ltr'>subest</span> <span class='ocrx_word' id='word_1_177' title='bbox 687 2974 822 3055; x_wconf 90' lang='lat' dir='ltr'>imperio</span> <span class='ocrx_word' id='word_1_178' title='bbox 846 2974 1033 3049; x_wconf 88' lang='lat' dir='ltr'>voluntatis,</span> <span class='ocrx_word' id='word_1_179' title='bbox 1057 2975 1111 3036; x_wconf 90' lang='lat' dir='ltr'>sed</span> <span class='ocrx_word' id='word_1_180' title='bbox 1132 2987 1190 3053; x_wconf 89' lang='lat' dir='ltr'>pos·</span> 
     </span>
     <span class='ocr_line' id='line_1_27' title="bbox 245 3073 1188 3162; baseline -0.012 -19"><span class='ocrx_word' id='word_1_181' title='bbox 245 3101 344 3162; x_wconf 92' lang='lat' dir='ltr'>quarn</span> <span class='ocrx_word' id='word_1_182' title='bbox 369 3081 474 3162; x_wconf 91' lang='lat' dir='ltr'>posita</span> <span class='ocrx_word' id='word_1_183' title='bbox 505 3080 609 3142; x_wconf 90' lang='lat' dir='ltr'>estin</span> <span class='ocrx_word' id='word_1_184' title='bbox 640 3080 756 3142; x_wconf 88' lang='lat' dir='ltr'>effectu</span> <span class='ocrx_word' id='word_1_185' title='bbox 781 3090 829 3143; x_wconf 90' lang='lat' dir='ltr'>est</span> <span class='ocrx_word' id='word_1_186' title='bbox 860 3081 1026 3162; x_wconf 89' lang='lat' dir='ltr'>objectum</span> <span class='ocrx_word' id='word_1_187' title='bbox 1063 3073 1188 3143; x_wconf 89' lang='lat' dir='ltr'>naturale</span> 
     </span>
     <span class='ocr_line' id='line_1_28' title="bbox 245 3188 387 3250; baseline -0.021 0"><span class='ocrx_word' id='word_1_188' title='bbox 245 3188 387 3250; x_wconf 90' lang='lat' dir='ltr'>auditus.</span> 
     </span>
    </p>

    <p class='ocr_par' dir='ltr' id='par_1_7' title="bbox 245 3283 1187 3693">
     <span class='ocr_line' id='line_1_29' title="bbox 312 3283 1187 3375; baseline -0.006 -20"><span class='ocrx_word' id='word_1_189' title='bbox 312 3292 386 3355; x_wconf 81' lang='lat' dir='ltr'>Ideo</span> <span class='ocrx_word' id='word_1_190' title='bbox 417 3303 465 3355; x_wconf 84' lang='lat' dir='ltr'>est</span> <span class='ocrx_word' id='word_1_191' title='bbox 493 3293 582 3355; x_wconf 81' lang='lat' dir='ltr'>alius</span> <span class='ocrx_word' id='word_1_192' title='bbox 613 3293 726 3355; x_wconf 81' lang='lat' dir='ltr'>modus</span> <span class='ocrx_word' id='word_1_193' title='bbox 764 3291 892 3356; x_wconf 67' lang='lat' dir='ltr'>Thorace</span> <span class='ocrx_word' id='word_1_194' title='bbox 923 3293 979 3375; x_wconf 90' lang='lat' dir='ltr'>qui</span> <span class='ocrx_word' id='word_1_195' title='bbox 1011 3293 1087 3356; x_wconf 91' lang='lat' dir='ltr'>dicit</span> <span class='ocrx_word' id='word_1_196' title='bbox 1114 3283 1187 3372; x_wconf 84' lang='lat' dir='ltr'>quod</span> 
     </span>
     <span class='ocr_line' id='line_1_30' title="bbox 245 3390 1187 3481; baseline -0.005 -20"><span class='ocrx_word' id='word_1_197' title='bbox 245 3409 422 3481; x_wconf 88' lang='lat' dir='ltr'>conceptus</span> <span class='ocrx_word' id='word_1_198' title='bbox 445 3400 478 3461; x_wconf 92' lang='lat' dir='ltr'>in</span> <span class='ocrx_word' id='word_1_199' title='bbox 495 3399 588 3461; x_wconf 91' lang='lat' dir='ltr'>nobis</span> <span class='ocrx_word' id='word_1_200' title='bbox 612 3399 733 3481; x_wconf 87' lang='lat' dir='ltr'>duplici</span> <span class='ocrx_word' id='word_1_201' title='bbox 750 3400 947 3463; x_wconf 90' lang='lat' dir='ltr'>clauduntur</span> <span class='ocrx_word' id='word_1_202' title='bbox 964 3400 1127 3462; x_wconf 91' lang='lat' dir='ltr'>obstaculo</span> <span class='ocrx_word' id='word_1_203' title='bbox 1139 3390 1187 3455; x_wconf 86' lang='lat' dir='ltr'>sci·</span> 
     </span>
     <span class='ocr_line' id='line_1_31' title="bbox 246 3506 1185 3588; baseline -0.004 -21"><span class='ocrx_word' id='word_1_204' title='bbox 246 3506 318 3568; x_wconf 89' lang='lat' dir='ltr'>licet</span> <span class='ocrx_word' id='word_1_205' title='bbox 334 3507 502 3568; x_wconf 90' lang='lat' dir='ltr'>voluntate</span> <span class='ocrx_word' id='word_1_206' title='bbox 518 3515 550 3567; x_wconf 90' lang='lat' dir='ltr'>et</span> <span class='ocrx_word' id='word_1_207' title='bbox 566 3506 846 3587; x_wconf 81' lang='lat' dir='ltr'>corporeitate&#39;ln</span> <span class='ocrx_word' id='word_1_208' title='bbox 863 3507 982 3588; x_wconf 86' lang='lat' dir='ltr'>angelo</span> <span class='ocrx_word' id='word_1_209' title='bbox 1005 3516 1111 3569; x_wconf 90' lang='lat' dir='ltr'>autern</span> <span class='ocrx_word' id='word_1_210' title='bbox 1125 3515 1185 3563; x_wconf 83' lang='lat' dir='ltr'>cum</span> 
     </span>
     <span class='ocr_line' id='line_1_32' title="bbox 246 3613 1182 3693; baseline -0.006 -20"><span class='ocrx_word' id='word_1_211' title='bbox 246 3632 312 3673; x_wconf 92' lang='lat' dir='ltr'>non</span> <span class='ocrx_word' id='word_1_212' title='bbox 336 3613 376 3673; x_wconf 90' lang='lat' dir='ltr'>sit</span> <span class='ocrx_word' id='word_1_213' title='bbox 392 3633 575 3693; x_wconf 73' lang='lat' dir='ltr'>corporeus</span> <span class='ocrx_word' id='word_1_214' title='bbox 601 3621 778 3693; x_wconf 86' lang='lat' dir='ltr'>conceptus</span> <span class='ocrx_word' id='word_1_215' title='bbox 799 3613 868 3692; x_wconf 86' lang='lat' dir='ltr'>ejus</span> <span class='ocrx_word' id='word_1_216' title='bbox 892 3613 1052 3675; x_wconf 87' lang='lat' dir='ltr'>clauditur</span> <span class='ocrx_word' id='word_1_217' title='bbox 1075 3617 1182 3674; x_wconf 84' lang='lat' dir='ltr'>tantum</span> 
     </span>
    </p>
   </div>
   <div class='ocr_carea' id='block_1_3' title="bbox 0 0 1326 4267">
    <p class='ocr_par' dir='ltr' id='par_1_8' title="bbox 0 0 1326 4267">
     <span class='ocr_line' id='line_1_33' title="bbox 0 0 1326 4267; baseline 0 0"><span class='ocrx_word' id='word_1_218' title='bbox 0 0 1326 4267; x_wconf 95' lang='lat' dir='ltr'> </span> 
     </span>
    </p>
   </div>
  </div>
 </body>
</html>
