2634 4267
262 289 325 356 25²
505 275 579 344 Lu.
604 276 633 340 11
658 274 953 340 Suusausmmm

239 479 403 562 Metaplr.;
425 467 516 561 er'go.
540 515 585 528 -
610 479 755 542 Secundo
789 480 852 542 sic:
876 480 903 553 si
926 489 1010 542 esset
1044 501 1105 542 una
1126 499 1182 542 ma-

235 587 317 660 teria
339 586 486 668 ejusdem
510 586 642 648 rationis
665 607 741 648 cum
765 587 836 661 alia,
860 596 918 649 aut
941 597 1024 648 esset
1053 586 1182 666 ejusdem

238 693 441 767 actualitatis,
465 701 523 755 aut
546 693 685 755 alterius.
711 693 745 758 Si
768 693 927 773 ejusdem,
953 692 1059 755 habeo
1081 713 1185 774 propo-

236 801 355 878 situm;
379 800 404 862 si
428 799 567 873 alterius,
592 820 671 882 ergo
695 810 771 862 sunt
794 800 869 862 duae
895 799 1039 861 materiae
1074 800 1183 880 primae.

245 908 349 970 Tertio
372 907 433 968 sic:
458 926 523 968 non
547 915 596 969 est
618 907 681 968 alia
716 907 796 968 ratio
819 906 983 989 assignata
1015 906 1057 968 ab
1090 906 1198 968 adven·

236 1015 328 1076 sariis
350 1023 482 1095 propter
517 1014 607 1095 quod
631 1013 663 1074 in
687 1014 772 1076 coelo
795 1022 827 1075 et
853 1013 885 1074 in
910 1013 1109 1075 inferioribus
1131 1031 1186 1074 non

238 1121 280 1184 sit
302 1120 417 1182 eadem
442 1120 586 1194 materia,
622 1120 681 1182 nisi
704 1119 782 1201 quia
806 1140 910 1182 unum
945 1128 1028 1186 esset
1062 1128 1187 1180 trasmu-

237 1227 337 1290 tabile
353 1228 385 1288 in
408 1227 505 1288 aliud.
532 1226 596 1290 Sed
613 1226 676 1288 hoc
700 1247 766 1289 non
782 1227 877 1301 valet,
903 1227 980 1308 quia
995 1227 1028 1287 in
1053 1227 1134 1288 coelo
1148 1232 1188 1286 est

240 1354 305 1395 una
322 1332 464 1406 materia,
488 1341 521 1395 et
536 1341 648 1396 tamen
673 1354 776 1395 unum
794 1354 860 1396 non
883 1343 933 1396 est
956 1331 1189 1395 transmutabile

239 1439 272 1501 in
288 1440 385 1501 aliud.
411 1439 475 1502 Sed
492 1440 555 1502 hoc
579 1460 644 1502 non
662 1439 843 1502 credo'esse
859 1461 984 1513 verum,
1003 1440 1108 1520 primo
1123 1438 1188 1518 quia

239 1546 489 1610 Commentator
506 1545 583 1609 dicit
599 1564 628 1607 Ι.
645 1547 685 1608 de
699 1547 883 1610 substantia
899 1546 985 1609 orbis
1001 1545 1091 1627 quod
1107 1544 1188 1626 quid·

238 1653 320 1734 quid
343 1652 459 1714 dicitur
482 1652 764 1733 de'superioribus
787 1662 819 1716 et
842 1652 1055 1727 inferioribus,
1087 1651 1189 1716 dicitur

238 1758 418 1840 aequivoce.
444 1758 595 1821 Secundo
619 1759 644 1821 si
670 1759 804 1822 materia
828 1768 911 1822 esset
934 1759 1082 1840 ejusdem
1105 1757 1188 1820 ratio-

240 1866 289 1929 nis
313 1864 419 1927 hicet
443 1865 497 1939 ibi,
521 1865 666 1946 sequitur
690 1867 780 1947 quod
804 1866 927 1930 coelum
964 1876 1048 1929 esset
1065 1884 1187 1945 ¹corrup

239 1972 338 2046 tibile,
363 1972 413 2033 vel
438 1973 479 2033 ad
504 1972 611 2034 minus
634 1971 769 2034 materia
793 1973 888 2035 unius
910 1973 955 2035 rei
987 1969 1188 2054 corruptibilis

238 2088 323 2140 esset
346 2077 378 2139 in
403 2077 548 2157 potentia
577 2078 620 2141 ad
643 2077 784 2156 formam
816 2079 891 2140 coeli
914 2087 947 2141 et
971 2088 1081 2160 posset
1102 2087 1188 2140 trans

242 2185 369 2258 mutari,
394 2184 471 2246 alias
494 2184 547 2247 ilia
570 2185 716 2265 potentia
739 2194 822 2248 esset
846 2184 974 2248 frustra.

307 2292 467 2353 Praeterea
501 2292 609 2373 arguit
639 2291 746 2354 Varro
781 2292 842 2354 sic:
867 2291 1096 2354 transmutatio
1125 2286 1188 2352 facit

240 2418 301 2460 nos
313 2398 393 2459 scire
406 2398 574 2460 materiam
590 2399 771 2460 secundum
786 2397 972 2466 Comment.
989 2396 1024 2460 8.
1045 2392 1186 2478 Meropia

241 2524 320 2587 ergo
344 2524 398 2586 per
417 2504 559 2566 diversas
582 2505 870 2568 transmutationes
893 2525 1071 2586 arguemus
1101 2503 1188 2564 diver·

242 2632 293 2672 sas
316 2610 454 2686 formas;
479 2612 535 2674 sed
569 2611 705 2674 diversae
731 2621 806 2674 sunt
841 2611 1126 2673 transmutationes
1145 2625 1185 2668 su·

243 2717 405 2799 periorum
430 2727 462 2780 et
485 2716 689 2795 inferiorum
725 2717 833 2800 igitur.
858 2753 903 2766 —
927 2717 1073 2780 Secundo
1083 2739 1094 2778 :
1126 2710 1185 2774 finis

242 2823 381 2904 imponit
405 2823 628 2899 necessitatem
652 2823 702 2886 his
733 2845 809 2905 quae
833 2823 975 2888 suntad
999 2822 1112 2896 finem;
1140 2814 1185 2880 sed

242 2929 347 2991 forma
370 2938 419 2992 est
435 2928 507 2992 finis
531 2931 673 2992 materiae
690 2950 733 2994 ex
756 2949 787 2992 2.
812 2929 938 3011 Plzys.,·
963 2949 1043 3012 ergo
1059 2927 1111 2990 ubi
1132 2941 1184 2986 una

240 3033 347 3098 forma
370 3035 494 3117 perficit
527 3037 782 3117 corruptibiliter
803 3046 835 3100 et
858 3037 919 3098 alia
951 3025 1185 3116 incorruptibili·

241 3152 300 3214 ter,
329 3152 466 3204 nonest
490 3143 623 3205 materia
646 3143 772 3206 eadem.
799 3143 863 3207 Sed
888 3143 1023 3205 materia
1046 3141 1116 3204 coeli
1130 3156 1185 3220 per·

243 3247 310 3311 ficit
333 3248 626 3330 incorruptibiliter,
651 3249 756 3312 forma
779 3258 889 3312 autem
925 3248 1109 3311 inferiorum
1130 3262 1184 3306 cor·

243 3355 454 3435 ruptibiliter;
479 3376 568 3438 ergo

310 3461 369 3522 Ad
387 3462 528 3524 rationes
551 3461 680 3524 alterius
715 3461 876 3543 opinionis
900 3461 1037 3524 dicitur:
1070 3457 1114 3521 ad
1123 3450 1182 3536 pri·

243 3588 333 3629 mum
353 3568 443 3648 quod
467 3567 622 3649 supponit
638 3567 765 3641 falsum,
790 3568 866 3648 quia
883 3567 1018 3630 materia
1041 3565 1128 3628 habet
1140 3577 1180 3620 ac·

242 3681 316 3732 tum
332 3672 520 3734 distinctum
544 3680 657 3733 contra
673 3673 853 3752 potentiam
877 3673 1071 3754 objectivam
1092 3676 1123 3731 ut
1137 3683 1180 3745 pa·

243 3782 292 3834 tet
314 3793 344 3835 1.
374 3774 491 3848 tacest.
517 3776 602 3836 Dist.
628 3795 679 3839 12.
