2634 4267
318 275 503 338 Drsrurcr.
528 276 542 337 Ι
566 274 714 356 QuAEsr.
738 276 783 339 111
978 293 1020 357 29

92 397 201 405 ---

93 485 153 546 mul
184 492 310 557 natura,
345 491 378 544 et
408 481 552 563 cognitio
576 490 794 543 creaturarum
818 491 867 543 est
886 481 1045 563 posterior

95 592 194 665 Patre3
217 610 298 671 ergo
322 597 355 650 et
379 588 471 650 Filio.

157 698 186 759 Τ
181 718 242 758 unc
259 707 325 777 pro
347 695 504 757 solutione
536 705 804 777 argumentorum
834 694 948 776 primae
979 695 1046 777 opi-

96 805 197 877 nionis,
221 812 271 865 cst
299 802 481 864 notandum
518 802 608 882 quod
639 801 671 863 in
703 800 856 862 creaturis
886 800 1047 863 invenitur

95 910 291 991 quadruplex
317 909 399 970 ordo
422 909 464 970 ad
496 928 648 989 praesenS,
677 907 797 969 scilicet
822 907 931 988 primo
965 909 1047 971 ordo

96 1016 226 1098 originis,
249 1016 388 1078 secundo
412 1015 494 1077 ordo
517 1023 653 1087 naturae,
678 1014 770 1077 tertio
802 1014 884 1075 ordo
908 1014 1048 1076 duratio

98 1123 149 1197 nis,
178 1133 291 1205 quarto
328 1122 410 1184 ordo
441 1120 654 1203 perfectionis.
688 1123 765 1182 Duo
796 1130 905 1181 autem
942 1121 1046 1183 ultimi

98 1230 214 1291 ordines
237 1250 304 1292 non
330 1228 452 1290 habent
474 1229 583 1290 locum
608 1228 640 1290 in
673 1227 798 1302 divinis,
830 1227 907 1308 quia
939 1248 1050 1290 secun-

100 1335 169 1397 dum
191 1336 420 1417 Augustinum
444 1335 495 1396 De
510 1334 582 1417 fide
597 1334 645 1395 ad
665 1334 811 1405 Petrum,
829 1354 894 1395 una
911 1354 1050 1415 persona

100 1461 157 1502 non
179 1452 225 1503 est
248 1442 339 1523 prior
360 1442 461 1503 altera
492 1439 688 1521 perfectione
711 1449 743 1501 et
774 1440 954 1502 duratione.
988 1442 1050 1503 Re-

102 1556 177 1608 stant
198 1568 276 1629 ergo
298 1549 334 1609 in
357 1548 474 1609 divinis
506 1547 573 1608 duo
603 1547 740 1620 ordines,
774 1546 893 1608 scilicet
925 1555 1050 1609 naturae

101 1661 129 1713 et
148 1654 273 1735 originis
297 1655 356 1736 qui
379 1654 423 1716 sic
452 1675 486 1716 se
518 1653 711 1716 habent-ad
742 1653 880 1714 invicem
912 1654 1001 1734 quod
1018 1655 1050 1718 in

104 1760 196 1838 primo
218 1761 350 1823 instanti
374 1761 494 1822 ordinis
518 1770 642 1822 naturae
667 1761 849 1841 completur
865 1768 953 1821 totus
969 1761 1052 1823 ordo

103 1865 222 1947 originis
245 1868 470 1949 productionis
487 1887 707 1948 personarum,
725 1866 801 1947 quia
817 1866 848 1927 in
865 1866 927 1927 isto
943 1867 1051 1947 primo

104 1970 220 2035 instanti
243 1985 370 2037 naturae
394 1984 602 2054 comparatur
634 1974 814 2035 intellectus
837 1982 870 2035 et
902 1974 1053 2035 voluntas

107 2078 143 2138 ad
162 2081 328 2143 essentiam
354 2080 508 2154 divinam,
532 2089 564 2142 et
582 2080 718 2143 habetur
736 2080 892 2141 memoria
912 2078 1054 2161 perfecta

107 2192 135 2243 et
154 2187 296 2250 voluntas
328 2187 493 2261 foecunda,
524 2195 556 2249 et
592 2187 636 2248 sic
668 2188 850 2268 completur
881 2186 1054 2267 productio

110 2310 322 2368 personarum:
340 2295 373 2355 in
397 2294 540 2355 secundo
564 2302 673 2355 autem
698 2293 828 2355 instanti
852 2293 973 2354 ordinis
997 2313 1053 2354 na-

109 2402 179 2458 turae
201 2399 380 2463 intellectus
403 2400 531 2461 divinus
555 2399 654 2461 fertur
678 2420 775 2480 super
798 2400 926 2480 objecta
943 2420 1056 2460 secun-

111 2500 195 2576 daria,
218 2516 249 2567 et
272 2516 352 2569 tunc
376 2516 424 2568 est
440 2506 612 2568 intellectio
636 2515 867 2567 creaturarum.

169 2611 222 2671 Ad
248 2622 445 2695 argumenta
476 2623 585 2674 autem
624 2612 754 2674 alterius
789 2612 948 2693 opinionis
982 2613 1056 2674 dico

113 2716 227 2792 quodsi
250 2720 310 2781 illae
337 2720 413 2781 duae
437 2719 667 2800 productiones
690 2729 919 2800 comparentur
946 2740 1058 2781 secun-

115 2819 192 2895 dum,
206 2828 341 2889 eandem
364 2826 532 2899 rationem,
554 2836 586 2887 et
605 2826 785 2888 secundum
806 2827 947 2887 eundem
972 2827 1056 2887 ordi-

116 2942 188 3001 nem,
204 2941 279 3010 puta
296 2941 423 2996 naturae
440 2933 491 2994 vel
508 2932 695 3006 durationis
712 2933 794 2994 bene
816 2933 1056 3005 concluderent,

117 3032 165 3092 sed
178 3037 247 3115 quia
262 3040 403 3101 variatur
420 3039 563 3101 medium
581 3060 680 3120 penes
696 3039 772 3101 istos
788 3039 916 3101 ordines
933 3048 1058 3100 naturae

117 3145 145 3196 et
163 3142 293 3224 originis,
320 3155 356 3208 ut
381 3154 471 3228 patet
493 3146 684 3227 inspicienti,
709 3154 741 3207 et
772 3166 851 3227 ergo
883 3167 948 3208 non
984 3167 1059 3223 con7

120 3241 246 3311 cludunt.

183 3458 397 3543 Ouantum
421 3467 486 3531 acl
505 3465 683 3539 tertium
712 3463 961 3530 Articulum
986 3465 1060 3526 dico

123 3566 341 3635 conclusionem
359 3572 596 3634 affirmativam.
615 3573 718 3653 Cujus
734 3573 814 3633 ratio
832 3580 881 3633 est
897 3572 966 3645 ista,
983 3572 1059 3651 quia

126 3666 193 3733 siin
213 3681 359 3742 creaturis
383 3688 590 3760 comparetur
613 3700 711 3741 causa
741 3680 783 3740 ad
814 3680 897 3740 duos
929 3678 1062 3741 effectus
