2634 4267
352 923 671 1032 Distinctio
714 923 841 1032 XII.

297 1174 403 1251 llaeo
433 1175 484 1250 de
517 1177 670 1250 natura
700 1175 901 1273 angelica.

228 1295 322 1361 Circa
346 1298 444 1360 istam
467 1297 556 1361 Dz'st.
581 1317 633 1360 12.
657 1299 818 1380 quaeritur
836 1299 953 1380 prz'mo

479 1458 654 1540 Qumsmo
679 1459 703 1520 1.

170 1613 269 1669 Utrum
279 1615 403 1671 motoria
410 1615 487 1670 diunt
504 1615 656 1671 entitatem
668 1616 817 1684 positivam
835 1616 998 1670 distinctum
1009 1629 1070 1670 rou·

109 1701 185 1786 ‘litor
199 1719 217 1756 a
233 1704 336 1759 torma.

183 1847 317 1910 Videtur
340 1849 431 1930 quod
443 1870 519 1923 non,
536 1849 613 1930 quia
636 1869 666 1934 7.
681 1847 828 1930 Metaplo.
853 1849 969 1912 dicitur
981 1850 1071 1931 quod

117 1955 246 2016 materia
269 1976 328 2017 nec
351 1964 399 2017 est
423 1956 511 2036 quid,
536 1976 595 2018 nec
611 1943 717 2038 qualess
742 1977 801 2018 nec
825 1965 995 2038 quantum,
1014 1977 1072 2019 nec

117 2061 244 2142 aliquod
268 2062 579 2143 praedicamentum;
604 2084 693 2145 ergo

182 2185 211 2230 2.
234 2170 393 2232 Praeterea
411 2188 446 2251 5.
470 2169 572 2251 Phys.
604 2171 761 2252 probatur
785 2172 875 2253 quod
908 2172 1072 2253 generatio

116 2295 179 2337 non
203 2275 242 2338 sit
265 2285 376 2338 motus
398 2276 460 2338 sic:
485 2277 575 2358 quod
599 2287 772 2359 generatur
796 2299 860 2340 non
885 2290 950 2355 est;
982 2279 1072 2360 quod

117 2392 262 2444 movetur
277 2392 342 2461 est;
359 2403 437 2465 ergo
449 2383 540 2464 quod
553 2394 702 2446 movetur
715 2406 781 2447 ηοη
794 2394 976 2467 generatur3
993 2407 1073 2467 ergo

116 2490 277 2569 generatio
301 2509 368 2551 non
391 2498 440 2551 est
471 2499 589 2553 motus,
615 2491 649 2554 Si
674 2492 754 2553 ratio
778 2501 826 2554 est
858 2493 953 2566 bona,
979 2514 1072 2574 opor-

116 2603 159 2657 tet
180 2596 271 2677 quod
294 2595 496 2658 uniformiter
519 2607 655 2679 negetur
679 2619 699 2660 a
722 2598 868 2679 subjecto
893 2599 1070 2680 generatio-

116 2700 161 2763 nis
181 2723 247 2764 esse
276 2703 366 2784 quod
395 2704 574 2765 affirmatur
609 2703 649 2766 de
673 2704 820 2785 subjecto
856 2716 974 2770 motus,
1007 2706 1072 2769 Sed

116 2807 154 2868 de
185 2809 335 2890 subjecto
366 2818 475 2872 motus
509 2812 688 2874 affirmatur
718 2832 787 2873 esse
819 2812 849 2872 in
874 2822 959 2886 actu,
996 2813 1072 2894 quia

117 2924 219 2977 motus
244 2925 292 2978 est
314 2924 406 2978 actus
437 2917 519 2978 entis
541 2917 730 2998 imperfecti,
766 2917 815 2980 vel
840 2919 871 2980 in
908 2920 1070 2999 potentia;

116 3039 189 3102 ergo
212 3022 276 3085 hoc
308 3032 446 3105 negetur
469 3044 488 3084 a
512 3024 655 3098 materia,
681 3033 713 3086 et
736 3025 781 3086 sic
803 3025 862 3086 erit
894 3025 971 3086 nihil
996 3047 1072 3088 cum

119 3145 172 3188 nee
193 3130 233 3191 sit
256 3130 289 3191 in
313 3143 387 3192 actu
413 3150 472 3192 nee
496 3130 528 3192 in
553 3131 706 3212 potentia.

159 3268 186 3329 3.
210 3255 371 3317 Praeterea
387 3263 465 3317 tunc
482 3255 615 3317 materia
627 3257 669 3319 de
685 3277 718 3318 se
737 3266 820 3319 esset
836 3259 1071 3339 cognoscibilis,

120 3358 202 3434 quod
224 3370 272 3430 est
295 3369 410 3423 contra
434 3361 670 3444 Philosophum
695 3382 724 3426 Ι,
749 3363 851 3444 Pluys.

181 3465 220 3526 In
242 3467 444 3530 contrarium
468 3469 615 3550 arguitur
638 3491 695 3551 per
719 3470 797 3532 illud
821 3471 911 3552 quod
936 3471 1073 3533 habetur

121 3583 150 3627 2.
170 3569 268 3652 Phys.
293 3574 349 3637 ubi
373 3574 490 3636 dicitur
502 3577 592 3657 quod
616 3577 751 3639 materia
774 3585 822 3640 est
845 3578 923 3641 illud
947 3599 989 3640 ex
1006 3598 1072 3658 quo

119 3669 157 3733 -fit
176 3677 295 3760 aliquid
318 3701 395 3743 cum
419 3681 510 3760 insit;
535 3703 624 3764 ergo,
