2634 4267
576 907 896 1018 Distinetio
937 910 1029 1016 VI.

486 1159 707 1235 Praeterea
737 1159 842 1235 scire
872 1163 1038 1258 oportet
1041 1217 1094 1237 .....

451 1280 547 1346 Circa
570 1283 668 1344 istam
693 1283 944 1346 Dz'stinctz'onem
968 1282 998 1349 6.
1020 1302 1120 1365 quaeru.

684 1459 862 1543 QuAEsuro
886 1463 910 1524 1.

365 1617 473 1674 Utrum
492 1620 639 1687 peecatum
657 1619 746 1687 ipsius
764 1619 890 1676 Laerten
917 1621 976 1675 fult
992 1618 1136 1676 formaliter
1149 1630 1234 1683 super.

310 1706 370 1764 bia.

387 1861 527 1923 Videtur
557 1861 647 1942 quod
679 1861 733 1923 sic.
766 1861 976 1944 Augustinus
1007 1882 1037 1945 9.
1060 1863 1107 1924 De
1131 1858 1234 1922 civitate

312 1968 388 2040 Dei,
433 1968 524 2030 dicit:
557 1968 652 2029 malae
688 1968 864 2031 voluntatis
895 1969 1022 2031 initium
1045 1969 1118 2052 quid
1137 1973 1233 2049 poterat

312 2095 382 2138 esse
406 2075 464 2136 nisi
481 2074 640 2155 superbia.
658 2075 703 2136 Et
720 2076 808 2138 Eccl.
831 2095 902 2138 10..·
928 2076 1055 2138 initium
1078 2074 1166 2139 omnis
1178 2091 1234 2153 pec·

313 2181 377 2244 cati
401 2181 560 2262 superbia.

383 2306 412 2351 2.
437 2289 605 2350 Praeterea.
630 2287 760 2350 Lucifer
784 2309 849 2350 non
871 2289 979 2370 potuit
1003 2309 1130 2371 peccare
1148 2285 1194 2348 nisi
1212 2304 1235 2344 u·

313 2397 388 2458 nico
411 2404 563 2476 peccat03
587 2396 643 2456 sed
675 2403 802 2460 constat
833 2396 922 2477 quod
955 2397 1100 2477 peccavit
1119 2390 1235 2475 superbia

313 2524 371 2584 per
402 2503 480 2564 illud
504 2502 622 2565 Psalm.
647 2502 799 2582 superbia
833 2523 946 2564 eorum
971 2504 1027 2584 qui
1058 2513 1088 2566 te
1109 2511 1160 2564 etc.
1182 2499 1237 2560 Pru

315 2609 405 2672 batio
428 2609 575 2690 masuris,
603 2608 679 2689 quia
696 2608 720 2669 si
737 2609 844 2689 potuit
868 2609 1014 2689 pluribus
1038 2607 1164 2691 peccatis
1183 2624 1235 2686 pec·

314 2736 397 2789 care,
422 2725 594 2796 peccatum
618 2735 715 2776 suum
751 2713 861 2777 fuisset
895 2715 1091 2791 remissibile,
1114 2713 1188 2796 quod
1206 2729 1235 2770 re-

314 2831 449 2903 putatur
472 2821 689 2884 communiter
713 2820 839 2882 falsum.
865 2821 1018 2884 Probatio
1047 2816 1236 2903 consequentiae

314 2929 390 3010 quia
414 2930 565 2991 voluntas
588 2948 653 2990 non
679 2936 786 3008 potest
809 2928 905 2989 simul
930 2927 1050 2991 habere
1078 2930 1153 2991 duos
1171 2933 1236 2989 actus

314 3035 475 3117 perfectos
497 3035 579 3097 sicut
602 3055 662 3096 nec
695 3033 890 3120 intellectus;
926 3055 1005 3117 ergo
1029 3036 1052 3097 si
1078 3035 1173 3117 potuit
1191 3031 1237 3114 plu·

317 3143 405 3204 ribus
436 3141 576 3223 peccatis
600 3161 743 3222 peccare,
775 3141 921 3222 peccavit
945 3163 1011 3204 uno
1028 3152 1102 3223 post
1125 3143 1236 3204 alterum.

313 3258 347 3312 et
363 3249 394 3310 in
411 3249 465 3310 illo
481 3248 624 3309 secundo
640 3247 771 3309 instanti
795 3248 902 3328 potuit
918 3249 1077 3329 poenitere
1100 3247 1236 3330 deprimo.

381 3356 422 3418 In
445 3355 646 3417 contrarium
671 3354 831 3435 arguitur:
857 3364 1028 3435 peccatum
1053 3355 1181 3418 Luciferi
1198 3348 1237 3413 [uit

315 3461 499 3523 maximum
523 3470 710 3542 peccatum;
735 3461 790 3522 sed
822 3470 993 3542 peccatum
1017 3463 1170 3544 superbiae
1194 3473 1236 3521 nun

314 3577 364 3630 est
388 3568 586 3642 maximum3
611 3588 699 3649 erg0.
732 3567 885 3629 Probatio
916 3568 1075 3630 minoris:
1100 3570 1174 3631 sicut
1191 3581 1237 3648 pru·

314 3675 459 3756 positum
484 3675 524 3735 de
559 3675 727 3755 proposito
762 3683 794 3735 et
821 3675 1011 3756 oppositum
1035 3677 1076 3738 de
1107 3674 1236 3759 oppositu
