2634 4267
261 686 362 760 FR.
397 690 575 762 PETRI
612 692 914 781 AQUILANI

352 800 482 864 Ordinis
506 802 658 866 Fratrum
687 805 852 869 Minorum

377 962 637 1030 COGNOMENTO
664 964 845 1029 scoram

168 1098 219 1166 B.
250 1102 452 1185 JOANNIS
475 1106 601 1170 DUNS
626 1106 757 1171 SCOTI
789 1108 1017 1174 DISCIPULI

470 1424 736 1526 Quaestiones

169 1567 224 1643 In
259 1570 487 1644 secundum
516 1570 824 1649 Sententiarum
859 1572 1029 1651 Librum

509 1700 722 1737 ——‹›<>-—

400 1853 719 1963 Distinctio
764 1856 805 1962 1.

196 2068 470 2147 Oreatlonem
513 2094 647 2147 rerum
692 2072 907 2150 insinuans
946 2069 1081 2173 Scrip-

108 2192 232 2285 tura,
267 2197 349 2272 etc.

138 2368 241 2434 Circa
266 2391 294 2435 Ι.
309 2372 463 2435 Distinet.
477 2375 611 2452 retundi
621 2375 718 2437 Libri
730 2376 856 2439 Senten.
882 2377 1057 2458 quoeritur:

486 2534 662 2616 Quasrro
687 2536 710 2598 Ι.

168 2693 277 2747 Utrum
295 2692 392 2747 omnia
409 2691 499 2747 allia
517 2693 608 2761 primo
636 2696 701 2749 ento
727 2694 786 2748 slat
813 2695 851 2749 ab
877 2694 938 2763 lpso
960 2695 1034 2750 siout
1061 2712 1081 2750 a

116 2794 210 2835 eausa
228 2781 367 2836 etleotlvu.

185 2926 271 3007 Quia
294 2947 360 2988 non
384 2927 529 3008 arguitur
553 2927 613 2989 sic:
641 2928 741 3011 Quod
776 2938 824 2991 est
855 2950 983 2992 necesse
1007 2950 1077 2993 esse

40 3099 42 3108 ,
114 3053 182 3095 non
207 3042 254 3094 est
277 3033 319 3094 ab
343 3033 405 3095 alio
429 3033 591 3109 effective;
616 3036 673 3097 sed
697 3036 818 3117 aliquid
841 3046 889 3098 est
912 3037 991 3098 citra
1015 3040 1075 3120 pri·

114 3160 209 3202 mum
233 3160 290 3201 ens
302 3140 391 3220 quod
404 3149 451 3201 est
468 3161 595 3203 necesse
612 3162 696 3216 esse3
714 3163 792 3223 ergo
817 3153 944 3205 nonest
967 3144 1074 3224 primo

34 3234 43 3322 1ς
112 3247 269 3310 effective.
294 3246 411 3308 Minor
433 3256 522 3327 patet
546 3268 602 3328 per
627 3248 863 3329 Philosophum
889 3269 917 3311 Ι,
942 3252 980 3311 de
998 3252 1073 3313 coelo

37 3406 47 3436 r
111 3364 143 3416 et
165 3354 287 3417 mundo
311 3362 343 3414 et
366 3373 422 3433 per
446 3353 651 3415 Avicennam
671 3372 706 3436 5.
738 3355 885 3435 Metapi.
918 3357 1071 3420 Probatio

37 3441 46 3478 ¹
112 3460 266 3543 majoris:
293 3458 468 3521 formaliter
492 3462 707 3541 repugnantia
731 3483 796 3523 non
821 3471 896 3524 sunt
927 3483 1076 3543 compos·

111 3568 214 3631 sibilia
239 3568 270 3628 in
295 3566 438 3643 eodem3,
454 3568 510 3629 sed
534 3588 662 3630 necesse
686 3589 753 3629 esse
776 3578 809 3630 et
832 3569 982 3649 possibile
1004 3590 1075 3630 esse

73 3726 74 3733 ,
113 3684 188 3737 sunt
213 3672 391 3753 formaliter
418 3674 632 3755 repugnantia
643 3696 650 3751 3
677 3695 756 3755 ergo
788 3696 853 3737 non
885 3684 961 3736 sunt
990 3695 1077 3737 com-

968 3805 980 3845 1
