2634 4267
311 240 535 305 'Disnuen
561 241 638 301 XLI
666 240 851 322 QvAEsT.1
1007 260 1071 320 423
1160 254 1162 259 ·

122 445 367 508 indifferentem
392 446 433 507 ad
457 446 637 507 bonitatem
662 455 693 507 et
718 447 875 509 malitiam
898 448 1095 510 meritoriam

123 553 180 615 vel
205 552 456 626 demeritoriam,
470 552 563 633 cujus
586 553 669 614 ratio
681 562 730 615 est
753 554 829 634 quia
845 563 937 616 actus
949 567 951 571 “
961 556 1097 616 circum-

124 660 349 722 stantionatus
372 679 415 720 ex
438 657 502 720 fine
526 658 718 721 indifferenti
741 670 791 721 est
814 660 1015 740 indifferens;
1039 662 1096 722 sed

125 766 286 829 convenit
315 766 456 847 aliquem
491 774 600 827 actum
624 786 668 827 ex
693 766 748 827 tali
772 766 836 828 fine
870 788 939 829 esse
962 768 1097 829 circum-

126 873 386 946 stantionatum;
411 893 498 953 ergo,
523 868 640 934 Minor
663 882 764 954 patet,
793 894 869 935 cum
893 874 969 935 volo
992 873 1097 935 facere

127 980 223 1062 quod
247 978 325 1040 mihi
349 980 454 1060 placet
478 1000 520 1040 ex
544 978 757 1041 indifferentia
781 979 854 1042 finis
879 990 1025 1062 respectu
1043 980 1096 1041 fri-

127 1086 267 1149 cationis
290 1086 401 1147 barbae
425 1095 457 1147 et
480 1087 667 1148 elevationis
691 1085 823 1148 festucae
848 1088 889 1149 de
911 1096 1006 1152 terra.

199 1300 261 1362 AD
285 1312 428 1361 PRIMUM
455 1313 672 1361 PRINCIPALE
708 1322 793 1382 nego
829 1300 985 1363 minorem
1020 1302 1097 1381 quia

129 1428 198 1468 non
223 1416 299 1468 sunt
322 1406 478 1488 privative
501 1406 651 1487 opposita
676 1408 799 1469 bonum
816 1417 849 1469 et
865 1409 989 1469 malum
1014 1409 1097 1470 circa

129 1522 254 1575 actum.

200 1619 259 1681 Ad
277 1618 451 1680 secundum
475 1621 619 1681 concedo
643 1620 719 1700 quia
736 1641 778 1681 ex
795 1620 951 1681 similibus
971 1621 1096 1682 actibus

130 1724 387 1788 indifferentibus
425 1735 532 1806 potest
570 1728 717 1808 generari
756 1727 931 1789 consimilis
968 1727 1097 1789 habitus

130 1832 325 1894 indifferens.
860 1825 864 1833 ’

200 1939 258 2001 Ad
277 1939 411 2001 tertium
436 1960 521 2021 nego
545 1941 701 2022 majorem
725 1941 808 2002 sicut
836 1950 925 2022 patet
961 1942 1036 2003 dz'st.
1066 1960 1096 2002 Ι.

131 2045 211 2126 quia
234 2065 347 2106 verum
371 2055 403 2107 et
427 2044 542 2107 falsum
579 2047 729 2108 dividunt
764 2048 952 2109 immediate
986 2057 1096 2109 actum

132 2151 325 2225 intellectus
351 2172 416 2213 non
440 2152 484 2213 sic
508 2161 618 2214 autem
650 2154 776 2214 bonum
801 2163 833 2215 et
869 2155 992 2215 malum
1017 2154 1097 2215 divi-

133 2260 219 2320 dunt
242 2267 352 2320 actum
377 2259 562 2321 voluntatis.
1133 2255 1136 2258 ’

200 2365 259 2427 Ad
279 2375 432 2446 quartum
457 2386 541 2447 nego
577 2367 732 2428 minorem
768 2367 844 2447 quia
878 2368 959 2429 sicut
991 2377 1098 2449 potest

133 2471 212 2553 poni
236 2470 365 2533 habitus
388 2471 571 2534 indifferens
595 2473 752 2534 inclinans
788 2474 829 2535 ad
853 2484 974 2546 actum,
999 2474 1043 2535 ita
1066 2485 1097 2536 et

134 2578 216 2639 ratio
240 2579 390 2659 practica.

201 2684 260 2747 Ad
279 2685 433 2747 ultimum
457 2706 542 2766 nego
566 2685 722 2747 minorem
747 2687 828 2747 sicut
852 2697 941 2768 patet
972 2709 1029 2769 per
1053 2710 1099 2749 ra-

134 2791 256 2852 tionem
281 2792 420 2872 positam
445 2792 476 2854 in
500 2794 642 2854 secunda
665 2793 880 2855 conclusione.
