2634 4267
264 288 326 366 146
530 286 605 350 Lrn.
629 286 659 348 ΙΙ
684 285 980 349 Saurnusrnnun

238 491 422 564 sectionem,
446 491 546 553 etsie
570 491 629 552 iste
660 489 790 552 habitus
813 488 957 552 infinitus
986 499 1036 552 est
1059 489 1221 554 infinitus

239 601 272 662 in
296 597 501 681 perfectione.
526 597 643 659 Minor
671 597 839 679 probatur,
870 606 941 659 tum
965 597 1041 679 quia
1074 597 1107 659 in
1140 599 1221 661 Deo

239 705 371 787 ponitur
383 702 523 767 infinitas
534 724 577 766 ex
590 701 748 766 infinitate
764 704 1119 785 repraesentativorum,
1141 713 1220 766 tum

237 812 314 893 quia
338 809 639 892 repraesentativum
673 810 769 872 unius
791 819 840 872 est
873 810 1003 872 alterius
1026 810 1175 874 rationis
1199 834 1219 873 a

239 917 506 999 repraesentativo
529 916 668 990 alteriue,
693 925 726 978 et
749 915 917 997 quodlibet
932 915 1010 978 dicit
1032 915 1221 997 perfectio·

239 1008 332 1099 nem;
356 1024 432 1105 quia
458 1043 523 1085 non
548 1043 643 1104 posse
674 1031 905 1104 repraesentare
935 1023 967 1086 in
991 1035 1222 1104 repraesenta-

239 1133 307 1193 tivo
330 1131 408 1192 dicit
431 1129 606 1192 carentiam
631 1128 845 1210 perfectionis

308 1236 454 1299 Secundo
478 1237 540 1298 sic:
572 1237 679 1298 omnis
702 1236 784 1298 ratio
818 1236 1035 1318 cognoscendi
1059 1257 1136 1299 una
1164 1239 1222 1301 ha·

240 1345 295 1406 bet
318 1364 421 1404 unurn
453 1343 664 1423 adaequatum
696 1342 864 1423 objectum
887 1343 919 1404 in
942 1363 1008 1424 quo
1031 1342 1221 1407 includun-

239 1462 292 1513 tur
318 1448 458 1530 perfecte
474 1449 585 1511 omnia
597 1448 827 1531 cognoscibilia
844 1469 901 1530 per
921 1449 1007 1510 illam
1024 1449 1220 1538 rationerm

240 1558 298 1618 sed
321 1557 390 1637 ipsa
415 1577 478 1618 una
495 1555 576 1617 ratio
600 1556 667 1616 sive
683 1554 813 1617 habitus
828 1555 884 1635 qui
900 1556 1030 1636 ponitur
1055 1557 1148 1618 ratio
1167 1578 1222 1620 co-

240 1662 417 1744 gnoscendi
442 1682 507 1745 non
532 1661 630 1723 habet
652 1661 784 1742 aliquod
808 1661 951 1742 primum
962 1661 1142 1741 objectum
1170 1664 1221 1726 in-

240 1770 375 1832 cludens
400 1768 579 1830 virtualiter
603 1788 717 1830 omnes
740 1767 936 1848 quidditates
959 1776 1083 1830 creatas
1108 1779 1150 1832 et
1167 1792 1222 1832 co

240 1875 365 1958 gnitas3
401 1895 490 1956 ergo,
515 1911 559 1921 —
592 1874 745 1936 Probatio
772 1874 917 1956 rnay‘oris,
948 1883 1019 1935 tum
1038 1874 1122 1954 quia
1159 1898 1222 1958 per

241 1981 434 2062 exemplum
458 1981 499 2042 de
537 1979 675 2041 essentia
705 1979 824 2054 divina,
849 1989 885 2041 ut
904 1988 952 2042 est
975 1980 1055 2042 ratio
1080 2000 1221 2064 cogno-

239 2088 349 2150 scendi
373 2095 405 2148 et
429 2096 465 2148 ut
487 2095 536 2148 est
570 2086 736 2166 objectum
772 2086 952 2167 cognitum,
976 2095 1046 2147 tum
1073 2106 1138 2166 per
1166 2111 1220 2150 ra-

239 2196 372 2268 tionem,
397 2195 487 2274 quod
504 2193 609 2254 unitas
626 2192 810 2273 posterioris
826 2193 1012 2254 naturaliter
1039 2193 1221 2274 dependet

239 2291 281 2362 ab
305 2301 430 2361 unitate
446 2299 573 2381 prioris;
591 2299 648 2360 sed
664 2299 770 2361 omnis
787 2299 867 2361 ratio
883 2299 1102 2380 cognoscendi
1123 2321 1221 2364 crea·

239 2419 272 2468 ta
296 2427 330 2468 se
353 2405 451 2467 habet
475 2407 517 2467 ad
541 2404 707 2485 objectum
732 2405 901 2486 cognitum
930 2405 1013 2467 sicut
1036 2425 1220 2470 mensura-

239 2525 310 2575 tum
334 2513 376 2574 ad
401 2532 597 2592 mensuram,
629 2512 729 2573 etita
753 2513 835 2574 sicut
866 2511 1024 2593 posterius
1047 2513 1090 2574 ad
1116 2515 1219 2594 prius

239 2619 443 2693 naturaliter3
467 2639 546 2700 ergo
562 2618 631 2699 ejus
647 2618 753 2680 unitas
769 2618 930 2700 dependet
946 2617 988 2680 ab
1005 2617 1135 2681 unitate
1153 2623 1219 2684 ob-

237 2726 323 2806 jecti.

313 2831 419 2894 Tertio
435 2831 479 2892 sic
491 2851 497 2891 :
511 2831 618 2892 omnis
634 2831 715 2892 ratio
728 2831 946 2912 cognoscendi
959 2852 1024 2892 una
1033 2839 1148 2913 potest
1159 2833 1220 2896 ha-

240 2940 315 3000 bere
328 2947 441 2999 actum
460 2937 520 2999 sibi
533 2938 745 3018 adaequatum
758 2959 878 3016 unum;
892 2939 948 3000 sed
961 2937 1021 2998 ista
1034 2938 1116 3000 ratio
1131 2961 1218 3022 quae

239 3044 371 3127 ponitur
396 3044 477 3106 ratio
518 3045 736 3125 cognoscendi
771 3053 917 3125 respectu
942 3044 1085 3125 plurium
1108 3048 1218 3126 quid-

239 3152 389 3224 ditatum,
423 3171 489 3212 non
514 3159 621 3231 potest
645 3149 764 3212 habere
788 3171 889 3212 unum
914 3159 1024 3212 actum
1049 3151 1217 3234 adaequa-

238 3268 310 3320 turn
335 3257 405 3331 sibi,
430 3257 507 3338 quia
533 3258 713 3318 secundum
730 3278 786 3319 eos
809 3257 988 3318 intellectus
1005 3277 1071 3318 non
1096 3268 1218 3338 potest

239 3363 389 3425 distincte
419 3343 596 3444 intelligere
629 3363 738 3444 plures
772 3363 986 3444 quidditates;
1009 3382 1101 3444 ergo
1128 3364 1216 3428 Pro-

238 3471 335 3531 batur
359 3470 475 3550 major,
506 3469 583 3550 quia
607 3469 764 3531 memoria
788 3468 928 3551 perlecta
952 3477 1060 3550 potest
1085 3469 1216 3535 habere

238 3585 350 3637 actum
375 3575 435 3636 sibi
468 3575 692 3658 adaequatum,
729 3577 817 3637 unde
839 3583 871 3638 et
896 3575 1054 3636 memoria
1078 3575 1216 3642 infinita
