2634 4267
260 207 325 284 264
525 201 599 272 Lm.
623 206 653 268 11
678 205 975 270 Ssmsnrmnun

235 411 296 474 mis
318 411 465 492 ejusdem
489 411 619 486 ordinis
645 430 710 474 non
731 418 842 473 autem
866 412 909 474 de
931 410 1047 474 formis
1069 411 1190 474 alterius

233 517 370 596 ordinis;
395 516 509 580 formae
525 526 637 580 autem
662 517 869 580 miscibilium
885 526 919 581 et
942 517 1041 580 mixti
1065 527 1137 580 sunt
1152 519 1190 580 al-

161 637 167 654 ·
235 623 334 686 terius
356 624 494 702 ordinis;
518 644 609 706 ergo

302 729 424 794 Contra
459 731 554 792 istam
589 730 778 812 opinionem
811 731 935 812 patebit
970 753 1029 812 per
1063 731 1190 794 rationes

235 855 311 917 quae
335 835 414 898 fient
437 837 469 900 in
493 856 560 917 seq.
585 835 660 900 Art.

310 1048 535 1134 Octauium
571 1050 636 1116 ad
665 1050 911 1116 seeundum
947 1051 1187 1116 Articulum

236 1156 310 1218 dico
333 1157 415 1217 duas
438 1157 670 1219 conclusiones,
696 1157 815 1219 Prima
838 1158 929 1238 qnod
949 1158 1109 1221 elementa
1130 1178 1187 1219 non

237 1272 370 1325 manent
393 1263 425 1324 in
450 1263 556 1325 mixto
579 1263 611 1324 in
635 1272 720 1328 actu.
748 1262 898 1326 Secunda
915 1265 1007 1345 quod
1025 1265 1187 1327 eontinen-

237 1379 289 1432 tur
305 1371 336 1431 in
353 1370 471 1431 virtute
487 1378 644 1450 tanquam
662 1369 693 1432 in
710 1370 914 1432 eminentiori
928 1371 960 1432 in
974 1369 1079 1433 forma
1095 1370 1186 1432 mixti.

303 1472 495 1542 Probatur
513 1473 646 1560 premo
674 1471 870 1543 Conclusio
888 1478 1000 1559 primo
1035 1479 1089 1552 sic,
1123 1477 1187 1558 quia

237 1584 325 1645 nulla
348 1583 513 1663 pluralitas
537 1582 689 1664 ponenda
723 1592 772 1645 est
806 1583 874 1645 sine
910 1585 1117 1658 necessitate;
1140 1582 1187 1644 sed

238 1689 289 1751 hic
314 1688 401 1750 nulla
423 1697 472 1750 est
496 1689 667 1750 necessitas
690 1689 732 1750 ad
758 1689 948 1770 ponendum
969 1690 1126 1752 elementa
1141 1688 1188 1748 mi-

237 1795 357 1858 scibilia
380 1795 411 1856 in
436 1804 532 1870 actu;
557 1816 645 1876 ergo.
672 1795 826 1857 Probatio
850 1795 1000 1870 rnz'norzs,
1026 1795 1186 1858 nonenim

235 1912 283 1965 est
306 1902 367 1964 alia
391 1901 561 1963 necessitas
592 1901 635 1963 ad
669 1902 863 1984 ponendum
887 1902 1050 1964 elementa
1073 1903 1103 1964 in
1125 1909 1186 1963 actu

237 2009 295 2072 nisi
319 2017 452 2089 propter
476 2008 717 2089 operationem;
744 2008 800 2070 sed
822 2017 957 2090 propter
982 2008 1046 2072 hoc
1076 2029 1136 2070 non
1162 2027 1187 2067 o·

238 2123 354 2197 portet,
379 2115 455 2195 quia
478 2111 554 2176 eum
578 2113 684 2176 formu
709 2115 803 2176 mixti
827 2115 993 2176 contineat
1026 2115 1186 2177 eminenter

239 2220 379 2284 formam
403 2220 575 2294 miscibilis,
600 2221 720 2302 poterit
744 2221 775 2282 in
800 2221 870 2301 ejus
893 2221 1124 2302 operationem.

306 2326 452 2389 Secundo
474 2327 536 2401 sic;
562 2325 667 2388 forma
701 2327 905 2388 elementaris
940 2336 1018 2389 nata
1042 2336 1090 2390 est
1122 2345 1185 2388 con·

240 2434 370 2497 stituere
393 2434 599 2515 suppositum
621 2453 678 2514 per
702 2454 736 2495 se
748 2433 925 2495 subsistens
948 2433 981 2495 in
997 2455 1113 2516 genere
1128 2432 1186 2494 sub-

240 2541 385 2619 stantiae3
409 2560 487 2621 ergo
511 2539 537 2601 si
571 2548 647 2602 sunt
675 2540 782 2620 plures
807 2539 925 2601 formae
942 2540 1148 2603 elementares
1160 2538 1184 2598 in

242 2647 347 2709 mixto
360 2656 445 2721 actu,
469 2655 565 2708 erunt
588 2646 620 2708 in
634 2646 741 2708 mixto
754 2646 848 2728 plura
860 2647 1030 2729 supposita
1042 2647 1074 2709 in
1087 2663 1185 2730 genere

240 2753 441 2816 substantiae.

291 2860 394 2922 Tertio
418 2860 478 2921 sic:
503 2859 668 2940 quantitas
680 2859 890 2940 consequitur
903 2859 1118 2922 substantiam
1130 2878 1183 2920 cor·

241 2986 373 3048 porcam
398 2967 480 3028 sicut
504 2967 609 3047 passio
633 2965 834 3046 subjectum;
858 2987 938 3048 ergo
951 2967 975 3028 si
989 2975 1065 3029 sunt
1077 2965 1118 3028 ibi
1132 2964 1185 3046 plu·

241 3093 290 3135 res
327 3071 516 3134 substantiae
557 3093 722 3154 corporeae
765 3073 796 3134 in
832 3080 924 3146 actu,
961 3082 1057 3135 erunt
1097 3072 1184 3154 plures

240 3179 437 3261 quantitates
460 3178 492 3240 in
516 3179 632 3241 eodem
656 3179 747 3260 quod
770 3188 818 3240 est
841 3187 955 3240 contra
968 3177 1182 3260 Philosophum

239 3304 271 3368 4.
296 3285 397 3366 Phys
424 3285 577 3366 Sequitur
600 3285 698 3347 etiam
723 3285 812 3366 quod
836 3285 991 3366 quaelibet
1015 3306 1087 3366 pars
1107 3277 1181 3344 mixti

241 3414 307 3456 non
331 3401 380 3454 est
404 3393 518 3466 mixta,
542 3392 633 3474 quod
656 3401 705 3454 est
728 3401 841 3454 contra
857 3390 1091 3474 Philosophum
1107 3409 1133 3452 ι.
1152 3386 1181 3449 de

236 3508 383 3584 generat.

313 3605 436 3679 Quarto
459 3605 520 3666 sic:
547 3605 689 3665 mixtum
714 3612 886 3686 generatur
900 3583 960 3666 -ex'
985 3600 1177 3668 miscibilibus,
1204 3633 1205 3636 =
