2634 4267
268 291 454 358 Drs‘rmcr.
479 292 525 355 111
549 291 698 373 Quasi.
724 292 787 356 VII
960 295 1015 356 161

153 490 378 583 Quantum
402 500 467 564 od
478 498 684 582 primum
709 498 972 574 Artr’oulmn,
995 509 1042 562 est

91 605 190 685 opinio
206 605 338 667 Henrici
350 614 383 666 et
400 604 580 679 Gothfredi,
597 606 687 687 quod
704 606 791 668 nulla
807 605 929 686 species
949 606 990 668 sit
1010 606 1042 668 in

90 703 251 786 intellectu,
276 704 333 773 sed
357 712 462 773 solum
480 712 511 773 in
528 712 765 792 phantasmate,
782 733 923 793 quorum
947 713 1042 774 ratio-

91 838 139 880 nes
160 828 191 880 et
220 818 478 900 improbationes
510 819 670 881 habentur
702 819 734 880 in
770 840 899 881 summa
933 818 986 881 lib.
1011 838 1041 881 Ι.

90 924 157 986 dist.
176 944 228 1004 3.,
257 925 332 986 ideo
360 946 413 986 eas
441 946 527 987 nunc
558 925 782 1006 praetermitto.
815 926 860 986 Et
892 946 1042 1007 suppono

91 1051 158 1092 cum
180 1033 333 1113 opinione
357 1031 455 1106 Scoti,
479 1040 512 1093 et
534 1042 583 1093 est
606 1031 671 1094 fere
694 1032 785 1113 quasi
803 1033 951 1093 omnium
969 1032 1043 1093 alio-

92 1159 167 1212 rum,
189 1140 278 1220 quod
302 1139 335 1200 in
360 1147 451 1219 parte
474 1139 667 1200 intellectiva
684 1148 732 1200 est
749 1138 899 1220 ponenda
912 1139 1041 1220 species.

150 1352 340 1417 Etnuno
363 1353 427 1417 ad
444 1352 686 1416 seeundum
710 1350 960 1417 Articulum
990 1373 1043 1413 ac-

93 1458 173 1531 cede,
196 1458 251 1519 ubi
274 1467 351 1520 sunt
373 1458 448 1519 duae
472 1458 641 1540 opiniones
665 1458 848 1520 contrariae.

156 1560 238 1650 Una
261 1567 319 1630 est
343 1560 494 1630 Thomae
510 1575 600 1645 part.
626 1583 655 1626 Ι.
681 1588 710 1647 q.
735 1564 838 1647 8511.
862 1583 892 1627 2.
911 1565 965 1644 qui
988 1585 1042 1645 po-

94 1670 134 1731 nit
154 1671 240 1752 quod
263 1671 386 1752 species
409 1671 569 1751 ponendae
594 1673 658 1733 sint
682 1673 713 1733 in
730 1672 892 1733 intellectu
910 1680 1042 1752 propter

94 1778 339 1840 materialitatem
364 1778 463 1858 ipsius
486 1777 676 1852 intellectus,
702 1779 792 1860 quod
816 1778 972 1860 probatur

156 1885 262 1946 Primo
286 1884 347 1945 sic:
373 1884 448 1964 quia
471 1885 616 1965 cognitio
632 1883 669 1946 fit
693 1905 749 1966 per
766 1885 1041 1956 assimilationem,

94 1989 158 2050 ideo
179 1991 203 2052 si
226 1991 407 2053 intellectus
430 1990 551 2071 aliquid
580 1991 757 2073 cognoscit,
789 2000 918 2072 oportet
953 1991 1041 2070 quod

93 2096 117 2155 ei
138 2097 239 2177 primo
262 2097 472 2173 assimiletur3
501 2098 646 2160 sednon
679 2095 872 2160 assimilatur
904 2097 962 2158 nisi
986 2118 1042 2178 per

94 2203 240 2283 speciem,
264 2225 354 2284 ergo.
395 2201 399 2204 ’

153 2309 293 2372 Secundo
317 2310 378 2371 sic:
403 2330 501 2371 omne
524 2310 602 2372 illud
625 2311 716 2392 quod
739 2319 787 2372 est
810 2331 853 2372 ex
884 2331 917 2371 se
953 2310 1042 2371 inde·

93 2417 291 2479 terminatum
314 2416 357 2477 ad
388 2417 495 2496 plures
525 2426 627 2491 actus,
653 2419 695 2480 ad
724 2417 785 2479 hoc
817 2417 906 2498 quod
938 2437 1041 2477 unum

94 2521 195 2596 eliciat,
219 2531 349 2604 oportet
372 2524 462 2603 quod
485 2543 542 2604 per
565 2523 688 2604 aliquid
712 2524 960 2598 determinetur;
985 2523 1041 2584 sed

95 2628 318 2691 determinatur¹
338 2649 395 2710 per
418 2629 576 2710 speciem;
601 2650 690 2712 ergo.

158 2737 258 2799 Tertio
281 2737 343 2798 sic:
368 2735 393 2797 si
417 2736 448 2796 in
465 2745 556 2817 parte
569 2737 762 2798 intellectiva
778 2745 951 2818 poneretur
972 2756 1041 2817 spe-

94 2841 149 2903 cies
170 2852 300 2924 propter
323 2842 503 2904 absentiam
528 2844 645 2924 objecti
670 2854 702 2906 et
730 2864 795 2905 non
819 2852 951 2924 propter
983 2864 1041 2924 po-

95 2950 307 3012 tentialitatem
347 2949 512 3029 potentiae,
553 2959 630 3011 tunc
667 2968 781 3012 omnes
811 2950 1042 3011 intellectiones

94 3065 187 3118 essent
209 3057 355 3137 ejusdem
385 3056 510 3138 speciei,
543 3066 575 3118 et
609 3077 666 3138 per
697 3077 897 3138 consequens
929 3077 1041 3118 omnes

94 3161 232 3236 scientiae,
256 3163 348 3243 quod
370 3171 419 3223 est
446 3161 573 3224 falsum.
610 3161 840 3244 Consequentia
873 3162 1040 3243 probatur,

94 3267 160 3345 quia
180 3269 358 3332 intellectus
381 3269 437 3348 qui
461 3278 508 3329 est
532 3269 727 3351 principium
745 3269 967 3331 intellectionis
990 3279 1038 3331 est

95 3373 227 3452 ejusdem
251 3374 384 3437 rationis
407 3373 577 3456 specificae.

156 3480 275 3557 Quarto
306 3482 368 3543 sic:
401 3482 484 3542 sicut
506 3502 539 3542 se
564 3482 661 3544 habet
686 3483 819 3544 materia
849 3483 890 3543 ad
922 3481 1042 3543 formas

95 3588 298 3664 particulares
323 3588 367 3650 sic
391 3609 424 3649 se
449 3586 546 3648 habet
570 3589 749 3651 intellectus
773 3589 814 3650 ad
838 3587 958 3650 formas
975 3588 1042 3649 uni-

937 3822 962 3863 11
