2634 4267
292 261 479 323 Drsrmcr.
504 257 616 320 XXIII
642 256 789 337 QuAEsr.
814 257 843 320 II
991 272 1055 335 329

97 468 216 529 viator
240 475 273 529 et
296 464 411 528 notitia
445 464 593 526 intuitiva
628 464 669 525 de
692 462 830 525 essentia
864 461 983 524 divina.
1008 460 1075 525 Sed

102 574 229 639 Adam
253 573 285 634 in
309 580 395 634 statu
418 572 480 633 isto
503 580 571 633 erat
594 570 716 646 viator;
741 589 830 651 ergo

179 676 274 747 Alia
297 681 355 746 est
367 675 495 763 optimi)
518 678 551 739 in
567 676 767 739 contrarium
784 695 885 757 quam
909 675 1006 737 credo
1022 694 1077 736 ve·

102 788 244 850 riorem.
261 787 307 847 Et
329 785 483 868 confirmo
498 804 571 846 eam
589 782 701 864 primo
728 782 789 845 sic:
814 782 996 863 cuicunque
1023 800 1079 863 po

100 903 176 957 test
199 892 435 956 communicari
458 900 549 953 actus
572 889 771 972 cognitionis
806 909 872 951 non
895 888 1079 950 communi-

104 1009 189 1063 cato
212 1009 288 1061 actu
314 998 501 1072 dilectionis,
517 998 560 1059 illi
585 1005 693 1078 potest
710 995 944 1063 communicari
966 995 1079 1077 cogni-

103 1108 159 1169 tio
184 1106 334 1168 intuitiva
365 1125 431 1167 non
454 1102 620 1179 beatifica3
653 1104 713 1165 sed
737 1105 828 1165 Deus
863 1102 969 1183 potuit
992 1122 1079 1164 com-

109 1213 284 1277 municare
307 1212 397 1274 Adae
431 1220 543 1273 actum
567 1210 763 1292 cognitionis
797 1210 838 1271 de
861 1230 918 1271 sua
941 1209 1079 1271 essentia

108 1340 183 1383 non
216 1318 491 1382 communicando
521 1326 632 1379 actum
664 1316 860 1400 dilectionis,
884 1336 973 1397 ergo.
997 1316 1079 1378 Pro-

107 1427 203 1489 batio
226 1426 364 1488 minoris
373 1448 386 1486 .·
409 1424 461 1487 isti
485 1425 551 1486 duo
575 1433 667 1486 actus
693 1433 769 1486 sunt
791 1424 999 1510 essentialiter
1023 1421 1079 1484 dif-

109 1532 265 1605 ferentes,
300 1541 333 1594 et
357 1552 441 1593 unus
464 1539 512 1592 est
546 1530 633 1612 prior
656 1530 729 1594 alio.
765 1530 858 1592 Tunc
882 1550 986 1611 arguo
1016 1529 1078 1591 sic:

111 1640 284 1721 objectum
310 1658 397 1700 mere
411 1677 414 1684 -
430 1638 611 1700 voluntarie
634 1658 780 1711 causans,
806 1645 914 1718 potest
946 1635 1080 1698 influere

108 1747 159 1809 ad
182 1745 405 1807 causationem
429 1744 543 1825 prioris
577 1744 699 1805 omisso
723 1743 907 1824 posteriori:
932 1744 989 1805 sed
1016 1742 1080 1805 tale

113 1853 285 1933 objectum
308 1861 357 1913 est
380 1851 517 1913 essentia
540 1851 668 1928 divina;
704 1871 785 1932 ergo
809 1858 916 1931 potest
946 1848 1080 1911 influere

111 1969 229 2023 actum
254 1958 457 2040 cognitionis
482 1958 559 2039 quia
574 1968 623 2020 est
647 1958 745 2039 prior,
763 1958 883 2019 omisso
895 1965 969 2019 actu
983 1956 1080 2019 dllec-

112 2066 214 2129 tionis
237 2066 293 2147 qui
317 2075 365 2128 est
388 2065 555 2147 posterior.

186 2172 332 2235 Secundo
348 2172 413 2233 sic:
437 2171 527 2253 quod
543 2191 609 2233 non
629 2172 773 2252 implicat
789 2171 1079 2233 contradictionem

112 2289 165 2342 est
189 2278 330 2341 factibile
353 2300 372 2340 a
397 2278 487 2340 Deo:
512 2278 568 2339 sed
592 2277 655 2340 hoc
680 2298 746 2339 non
781 2278 925 2359 implicat
956 2286 1080 2339 contra-

115 2386 308 2458 dictionem,
332 2384 414 2447 sicut
446 2393 536 2465 patet
558 2385 599 2446 de
633 2384 735 2446 Paulo
759 2393 790 2446 et
814 2385 931 2463 Moyse
954 2384 1009 2464 qui
1037 2384 1081 2445 vi-

115 2495 238 2556 derunt
263 2492 371 2558 Deum
396 2493 492 2561 nude,
518 2500 554 2553 ut
577 2501 667 2572 patet
691 2511 747 2571 per
773 2490 978 2572 Gregorium,
1004 2490 1080 2552 Hie-

114 2620 298 2679 ronymum
321 2607 354 2659 et
369 2598 614 2679 Augustinum;
639 2618 727 2679 ergo,
747 2597 788 2659 Si
809 2598 901 2659 dicas
923 2598 1013 2678 quod
1036 2607 1081 2659 ta-

114 2708 155 2769 lis
179 2706 262 2768 visio
285 2704 344 2766 fuit
367 2704 514 2767 beatifica
538 2706 563 2766 si
587 2704 698 2766 fuisset
722 2704 928 2782 continuata;
953 2714 1080 2767 contra:

113 2834 196 2875 cum
221 2811 432 2893 passibilitate
455 2812 599 2892 corporis
632 2832 697 2873 non
721 2819 784 2872 stat
814 2811 999 2887 beatitudo;
1024 2812 1081 2873 sed

117 2920 199 2981 tales
224 2917 389 2980 habebant
412 2938 530 2998 corpus
554 2918 721 2999 passibile;
746 2938 835 2999 ergo

115 3066 118 3070 ›
184 3026 359 3098 Prceterea,
384 3023 447 3086 hoc
463 3023 674 3086 confirmatur
701 3045 757 3105 per
781 3025 905 3088 dictum
930 3024 1082 3086 Doctoris

114 3152 220 3215 quem
244 3140 380 3193 conatur
403 3130 583 3193 defendere.
609 3132 671 3194 Ait
694 3132 781 3193 enim
807 3151 836 3193 J.
856 3141 947 3212 part.
972 3153 1002 3212 q.
1028 3148 1080 3193 12.

114 3260 148 3301 a.
174 3258 227 3302 ΙΙ.
245 3238 336 3319 quod
360 3239 450 3299 Deus
474 3247 592 3319 praeter
615 3259 829 3300 communem
854 3239 1001 3301 ordinem
1026 3259 1082 3319 po-

118 3354 181 3409 test
205 3343 396 3407 continuare
419 3343 481 3406 hoc
504 3345 594 3426 quod
619 3353 744 3406 mentes
763 3345 946 3425 aliquorum
971 3345 1003 3405 in
1020 3345 1081 3406 hac

116 3473 216 3515 carne
240 3450 419 3513 viventium
442 3452 580 3513 sednon
604 3451 750 3513 sensibus
774 3452 878 3513 carnis
909 3452 1081 3523 utentium,

118 3558 290 3641 usquead
324 3557 480 3619 visionem
504 3578 571 3619 suae
607 3558 753 3620 essentiae
777 3559 889 3631 elevet,
926 3566 961 3619 ut
984 3557 1082 3619 etiam

117 3665 197 3729 dicit
221 3664 433 3746 Augustinus
448 3674 547 3745 supra
576 3664 655 3727 Gen.
679 3665 726 3726 ad
739 3666 894 3736 litteram,
922 3673 954 3725 et
977 3664 1009 3726 in
1026 3662 1082 3729 lib.
