2634 4267
359 275 546 339 Drsrnrcr.
570 277 635 339 VII
659 275 806 358 QuAEsr.
831 277 846 340 Ι
1030 279 1092 356 189

149 391 233 400 ——-

148 479 239 560 poris
261 480 408 561 pondere
430 488 522 542 tanto
546 481 651 564 magis
674 490 757 544 esset
780 482 919 565 praedita
950 481 1111 545 facilitate.

148 621 194 634 —
218 584 367 649 Secundo
389 587 540 658 sicz'non
563 595 693 650 tantum
717 587 868 651 voluntas
892 589 998 671 angeli
1019 590 1112 652 dam-

147 693 218 755 nati
240 701 291 755 est
313 693 486 768 obstinata,
508 694 566 756 sed
581 695 680 757 etiam
696 696 846 759 voluntas
863 695 1003 758 hominis
1023 696 1113 757 dam-

148 799 217 862 nati
241 807 275 862 et
290 798 452 874 obstinati,
467 808 509 882 ,et
531 809 662 883 oportet
678 802 845 883 utriusque
860 801 1024 883 assignare
1039 822 1111 864 cau-

146 926 220 969 sam
244 905 492 968 convenientem
515 907 566 970 vel
582 928 793 970 communem
810 929 867 990 per
883 908 1111 990 Augustinum

146 1013 187 1077 de
209 1012 294 1075 Fide
316 1012 364 1074 ad
383 1012 528 1076 Petrum.
553 1013 619 1078 Sed
642 1023 757 1076 neutra
779 1014 905 1076 illarum
940 1034 1111 1076 causarum

146 1127 260 1202 potest
284 1119 362 1200 poni
385 1139 482 1181 causa
517 1120 741 1183 obstinationis
776 1120 916 1184 hominis
946 1120 1110 1198 damnati3

147 1246 240 1308 ergo,
265 1225 420 1288 Probatio
443 1226 590 1300 minoris,
614 1227 691 1308 quia
714 1228 823 1290 anima
847 1227 1021 1308 conjuncta
1045 1248 1112 1289 cor-

145 1332 222 1415 pori
246 1352 313 1394 ηοη
338 1331 437 1394 habet
460 1333 659 1414 cognitivam
691 1333 900 1396 immobiliter
930 1332 1111 1415 apprehen-

147 1439 285 1501 dentem
309 1439 392 1500 sicut
416 1438 515 1502 habet
538 1439 689 1521 Angelus
711 1441 892 1514 secundum
923 1439 1111 1521 opinionem

146 1545 309 1628 primam3
334 1565 393 1607 nec
416 1565 450 1607 se
472 1545 637 1627 immergit
660 1545 868 1608 immobiliter
896 1546 928 1608 in
944 1546 1111 1627 objectum

145 1652 331 1715 secundum
356 1652 533 1714 secundam
557 1652 766 1733 opinionem3
789 1673 870 1736 ergo
904 1662 1035 1734 oportet
1064 1673 1110 1715 as

144 1759 278 1841 signare
301 1778 434 1820 eausam
458 1758 683 1822 obstinationis
706 1759 738 1821 in
762 1759 871 1822 anima
898 1760 1032 1841 quando
1063 1768 1111 1821 est

145 1874 308 1948 separata.
333 1865 406 1927 Aut
429 1865 528 1948 igitur
551 1874 629 1928 ωηο
651 1876 728 1929 ante
751 1887 883 1930 omnem
914 1876 1025 1929 actum
1056 1867 1111 1928 eli·

145 1973 249 2036 citum
275 1979 326 2034 est
348 1971 519 2059 obstinata,
543 1982 576 2036 et
598 1980 677 2035 ωηο
700 1983 815 2036 neutra
838 1995 1009 2037 causarum
1030 1994 1112 2055 prae-

145 2080 312 2142 dictarum
336 2087 385 2140 est
407 2099 505 2141 causa
527 2079 770 2162 obstinationis;
794 2090 853 2143 aut
875 2081 945 2162 ipsa
969 2079 1029 2142 fuit
1056 2080 1112 2142 ob·

144 2186 267 2249 stinata
290 2205 348 2266 per
370 2185 513 2267 aliquem
536 2194 648 2248 actum
672 2208 770 2268 quem
786 2187 881 2262 elicit,
898 2197 931 2250 et
954 2186 1017 2249 hoc
1033 2207 1110 2260 non,

144 2293 222 2375 quia
246 2291 359 2354 anima
381 2300 529 2373 separata
552 2291 631 2354 nihil
655 2303 796 2356 meretur
827 2314 886 2356 nec
916 2294 1109 2355 demeretur.

144 2435 190 2447 -
219 2400 253 2462 T
246 2397 329 2494 ertio
350 2398 407 2484 sic,y
429 2399 513 2461 sicut
536 2399 735 2462 declaratum
760 2399 820 2463 fuit
844 2421 943 2483 supra
965 2400 1054 2463 Dist.
1074 2418 1111 2482 5.

144 2506 238 2588 quod
263 2505 347 2567 inter
374 2505 570 2568 creationem
600 2515 633 2568 et
665 2507 792 2588 lapsum
823 2508 1014 2589 angelorum
1046 2505 1111 2568 fue-

143 2621 225 2674 runt
247 2611 368 2693 aliquae
392 2611 528 2674 morulae
551 2611 584 2674 in
612 2613 732 2695 quibus
761 2622 979 2696 peccaverunt
1010 2613 1112 2675 diver-

144 2721 187 2784 sis
212 2719 387 2802 generibus
410 2729 630 2802 peccatorum,
646 2729 680 2782 et
698 2729 777 2782 ωηο
793 2741 870 2782 cum
894 2727 1112 2801 peccaverunt

143 2827 256 2910 primo
280 2835 415 2908 peceato
429 2827 538 2890 adhuc
562 2835 654 2889 erant
669 2826 817 2901 viatores
835 2826 867 2888 in
884 2826 1026 2889 secunda
1042 2845 1109 2887 mo·

143 2935 219 2998 rula
242 2941 421 3016 potuerunt
444 2934 612 3016 poenitere.

217 3040 259 3102 ln
281 3040 418 3120 speciali
438 3041 597 3124 arguitur
610 3050 725 3103 contra
746 3040 823 3102 istas
838 3039 1015 3122 opiniones
1037 3060 1113 3101 con-

142 3155 197 3210 tra
220 3145 362 3228 primam
386 3146 449 3209 sie:
472 3147 608 3210 assumit
630 3147 717 3213 enim
741 3147 774 3209 in
797 3147 921 3209 minore
936 3147 1018 3208 duas
1040 3166 1112 3228 par-

142 3262 194 3317 tes
218 3251 331 3329 falsa53
356 3253 462 3334 prima
484 3255 575 3336 quod
598 3253 780 3316 intellectus
803 3252 844 3315 sit
863 3262 970 3314 motor
985 3252 1105 3318 ,volun-

142 3360 222 3423 tatis
246 3359 337 3440 quod
359 3367 409 3422 est
431 3359 549 3422 falsum
572 3369 606 3422 et
629 3369 742 3423 contra
776 3358 975 3422 Anselmum
1007 3360 1046 3422 de
1069 3358 1111 3420 l'-

143 3467 218 3530 bero
241 3465 390 3538 arbitrio,
418 3466 568 3546 quivult
595 3467 685 3548 quod
716 3466 868 3534 voluntas
897 3474 945 3528 est
976 3465 1121 3547 domina

143 3583 178 3636 et
203 3581 312 3635 motor
337 3573 369 3634 in
392 3580 464 3635 toto
487 3593 590 3654 regno
613 3573 742 3635 animae.
768 3572 813 3633 Et
844 3582 1001 3653 praeterea
1032 3572 1110 3632 dato

144 3680 238 3762 quod
261 3685 347 3742 esset
368 3699 493 3753 verum,
517 3675 595 3740 ωηο
619 3688 701 3742 esset
724 3686 837 3740 contra
860 3699 947 3752 eum,
971 3677 1047 3758 quia
1066 3677 1113 3737 in-.
