2634 4267
319 291 508 357 Drsrnrcr.
533 293 579 355 111
603 291 750 374 Qunsr.
774 293 808 356 V
998 307 1059 374 159

172 493 340 559 Primam
372 495 611 561 Conclusionem
646 499 773 580 probo:
804 498 941 580 angelus
972 507 1080 580 potest

107 619 314 682 cognoscere
337 604 499 686 singulare
522 612 557 667 ut
573 604 736 687 singulare
751 612 809 679 est,
832 613 904 666 tum
927 604 1079 686 quiahoc

107 726 170 769 non
194 718 248 770 est
273 710 529 792 imperfectionis
552 732 628 774 curn
652 720 819 792 competat
841 711 1015 774 intellectui
1030 712 1079 774 di·

105 813 190 887 vino,
215 825 298 878 tum
323 817 401 899 quia
424 818 476 880 illa
491 818 635 899 cognitio
652 818 826 880 intellectui
849 817 996 899 angelico
1012 839 1077 880 non

103 928 152 981 cst
163 920 479 1005 improportionata;
492 927 549 988 sed
562 946 627 987 non
636 934 743 1007 potest
759 945 955 1007 cognoscere
967 925 1077 1007 singu-

105 1025 170 1089 lare
186 1039 226 1091 ut
238 1031 419 1113 'singulare
442 1033 503 1095 sub
519 1032 644 1094 ratione
660 1032 855 1105 universalis,
879 1031 955 1113 quia
970 1031 1078 1114 singu-

107 1132 171 1196 lare
194 1137 329 1219 aliquid
352 1139 443 1200 addit
465 1139 507 1201 ad
530 1139 710 1202 universale
732 1159 774 1200 ex
803 1148 914 1220 quast.
938 1139 977 1200 de
993 1138 1077 1200 indi-

104 1239 327 1318 viduatione,·
351 1265 431 1326 ergo
454 1245 623 1327 cognoscit
645 1245 808 1327 singulare
831 1265 888 1327 per
911 1245 1075 1327 propriam

105 1349 264 1426 speciem.
293 1350 358 1414 Sed
382 1372 447 1414 non
463 1362 512 1415 est
535 1351 701 1434 probabile
724 1352 814 1432 quod
838 1351 901 1413 sint
917 1351 975 1414 sibi
999 1371 1075 1413 con-

108 1465 227 1518 creatae
254 1457 381 1539 species
397 1459 544 1520 omnium
561 1458 785 1540 singularium,
809 1458 885 1539 quia
900 1478 976 1520 cum
1000 1458 1076 1520 talia

106 1571 182 1623 sunt
206 1563 348 1636 infinita,
374 1563 506 1627 haberet
529 1564 650 1646 species
673 1563 822 1628 infinitas.

173 1668 366 1733 Secundam
394 1669 633 1736 Conclusionem
658 1671 762 1752 probo
785 1692 828 1733 ex
852 1671 968 1733 notitia
981 1671 1075 1752 quid·

108 1771 252 1838 ditatum
279 1777 506 1839 universalium
530 1798 605 1839 cum
629 1778 670 1839 sit
686 1777 862 1840 necessaria
878 1797 944 1839 non
967 1786 1075 1858 potest

107 1884 267 1962 cognosci
291 1884 477 1965 complexio
493 1884 702 1966 contingens;
727 1884 783 1946 sed
798 1883 943 1946 essentiae
966 1904 1073 1945 rerum

107 1998 184 2050 sunt
206 1991 452 2071 contingentes;
476 2011 564 2072 ergo.

181 2097 328 2160 Tertiam
349 2095 588 2160 Conclusionem
604 2097 709 2178 probo
733 2097 791 2158 sic:
813 2095 1010 2178 impossibile
1025 2105 1073 2158 est

110 2204 335 2282 cognitionem
352 2203 534 2266 intuitivam
557 2224 633 2285 quae
646 2203 788 2265 variatur
803 2203 845 2264 ad
860 2203 1071 2265 variationem

109 2306 228 2389 objecti
253 2329 322 2371 esse
344 2330 401 2391 per
424 2310 742 2391 repraesentationem
759 2310 848 2390 quod
872 2308 1073 2372 uniformiter

110 2433 142 2475 se
165 2416 284 2491 habet;
309 2417 364 2478 sed
387 2417 508 2497 species
539 2417 812 2499 repraesentativae
844 2416 1071 2477 universalium

111 2522 314 2585 uniformiter
328 2543 361 2584 se
377 2522 507 2596 habent,
524 2523 668 2605 cognitio
685 2531 794 2584 autem
810 2522 957 2584 intuitiva
972 2522 1073 2583 varia-

110 2634 160 2691 tur
183 2630 366 2692 secundum
392 2630 606 2692 mutationem
631 2629 763 2710 objecti;
788 2649 877 2711 ergo,

178 2735 343 2812 Quartam
372 2735 610 2800 Conclusionem
623 2735 728 2818 probo
752 2736 805 2808 sic,
823 2756 880 2816 per
903 2734 966 2798 hoc
982 2736 1070 2816 quod

111 2839 186 2905 illud
211 2843 304 2924 quod
321 2863 386 2905 non
404 2852 565 2924 repugnat
580 2842 754 2905 intellectui
771 2840 893 2916 infimo
919 2851 998 2924 puta
1015 2841 1072 2904 hu·

83 2968 217 3024 manu,
243 2969 322 3030 ergo
345 2969 404 3012 nec
427 2943 617 3031 perfectiori,
641 2948 723 3010 idest
746 2949 902 3030 angelico

172 3163 238 3225 AD
261 3174 444 3226 RATIONES
467 3162 499 3224 in
523 3164 720 3226 contrarium
737 3164 785 3225 ad
798 3163 946 3246 primum
964 3143 1071 3242 potest

109 3269 219 3352 negari
243 3268 417 3331 auctoritas
441 3269 494 3331 lib.
519 3270 557 3331 de
579 3271 709 3343 causis,·
733 3270 758 3331 si
782 3279 891 3332 autem
908 3268 1005 3330 velim
1021 3269 1069 3349 ip·

108 3397 175 3438 sam
201 3375 353 3456 recipere,
376 3375 450 3437 dico
473 3376 563 3457 quod
586 3375 797 3458 intelligentia
820 3384 867 3437 est
891 3375 986 3456 plena
1009 3373 1070 3437 sor·

108 3483 167 3545 mis
191 3482 426 3544 universalibus
449 3503 515 3545 non
538 3492 648 3546 tamen
672 3482 897 3565 singularibus.

172 3590 231 3652 Ad
257 3589 433 3651 secundum
457 3589 530 3651 dico
561 3590 650 3670 quod
668 3590 792 3651 nullum
827 3587 994 3669 corporale
1010 3607 1068 3668 po-

109 3702 166 3758 test
188 3716 287 3779 agere
310 3695 345 3756 in
367 3694 516 3776 spiritum
539 3704 576 3758 ut
598 3716 696 3758 causa
718 3695 835 3769 totalis,
859 3695 942 3757 bene
957 3702 1068 3757 tamen
