2634 4267
286 271 349 334 130
522 255 599 318 Lm.
624 255 653 316 ΙΙ
678 253 972 320 Sunrnnrmnun

332 459 454 536 Quinto
466 460 520 524 sic:
538 461 623 524 actio
640 460 769 542 proprie
781 460 868 522 dicta
895 459 1090 522 denominat
1108 479 1221 541 agens:
1285 453 1287 546 ξ

259 567 316 630 sed
331 566 517 649 intelligere
539 565 921 630 denominat·hominem
946 566 1131 628 secundum
1157 586 1222 647 par·
1285 615 1287 636 ,

258 683 326 736 tem
350 674 589 748 intellectivam
613 695 703 756 ergo,
1285 749 1287 764 Ι

329 776 468 848 Contra
492 777 602 847 illam
614 778 834 865 opinionem
847 780 994 861 arguitur
1007 800 1064 861 per
1081 779 1218 841 eundem
1285 817 1287 828 .

260 887 488 968 Augustinum
513 905 544 968 9.
578 887 617 949 de
655 887 745 950 Trin.
776 897 844 968 cap.
877 887 936 950 ult.
970 885 1088 949 Omnis
1119 885 1220 966 inquit
1286 869 1287 894 ³

259 1014 318 1064 res,
343 1013 443 1074 quam
467 993 697 1075 cognoscimus
720 1003 918 1075 congenerat
942 993 974 1055 in
998 993 1093 1055 nobis
1129 1012 1218 1055 suam

259 1099 417 1161 notitiam.
442 1098 500 1161 Ab
524 1108 664 1180 utroque
687 1099 774 1162 enim
799 1101 922 1182 paritur
946 1098 1069 1173 notitia,
1103 1099 1219 1161 scilicet

259 1227 279 1267 a
301 1214 519 1287 cognoscente
541 1215 574 1268 et
598 1226 617 1267 a
640 1207 785 1288 cognito.

325 1312 506 1392 Respondet
527 1313 687 1393 glosando
711 1311 940 1394 Augustinum
964 1312 1054 1394 quod
1079 1312 1148 1394 ipse
1170 1312 1217 1422 jn-

259 1419 374 1500 telligit
396 1419 600 1480 terminative
623 1440 689 1481 non
713 1419 867 1482 effective.

332 1523 452 1588 Contra
475 1525 566 1606 quod
589 1545 623 1587 se
647 1525 745 1588 habet
769 1525 800 1587 in
825 1525 950 1588 ratione
982 1525 1125 1606 parentis
1154 1545 1214 1586 non

260 1631 358 1694 habet
381 1652 415 1693 se
438 1631 651 1704 terminative,
677 1633 733 1694 sed
757 1631 924 1713 objectum
950 1632 1047 1694 habet
1071 1652 1106 1694 se
1129 1632 1160 1693 in
1175 1653 1215 1692 ra·

260 1738 348 1800 tione
371 1738 522 1818 parentis,
539 1739 616 1819 quia
631 1738 674 1800 ab
691 1748 831 1819 utroque
845 1739 968 1819 paritur
984 1739 1116 1816 notitia;
1133 1759 1213 1820 ergo.

259 1880 303 1892 -
327 1845 486 1906 Praeterea
508 1863 539 1906 2.
564 1846 603 1907 de
632 1845 721 1906 Trite.
748 1846 803 1907 Ex
827 1844 952 1918 visibili,
976 1853 1008 1906 et
1024 1845 1155 1907 vidente
1176 1845 1214 1925 gi-

261 1951 369 2032 gnitur
394 1950 483 2016 visio.
507 1987 552 1999 —
575 1952 734 2013 Praeterea
758 1950 904 2032 arguitur
928 1951 972 2012 sic
992 1951 1134 2014 ratione:
1154 1959 1214 2013 tan·

260 2067 331 2118 tum
356 2065 431 2119 sunt
455 2065 596 2138 quatuor
620 2077 739 2138 genera
755 2077 926 2119 causarum
951 2077 1008 2139 per
1024 2078 1067 2131 se,
1095 2078 1138 2119 ex
1153 2057 1213 2138 qui-

259 2164 321 2224 bus
344 2162 449 2225 forma
473 2163 571 2226 habet
593 2184 662 2225 esse
679 2184 735 2244 per
759 2163 1019 2244 productionem,
1033 2173 1066 2226 et
1090 2162 1160 2226 finis
1174 2184 1212 2225 se-

259 2269 369 2350 quitur
393 2270 642 2350 productionem
657 2271 722 2345 -rei;
747 2291 826 2352 ergo
849 2271 984 2351 quando
1007 2255 1083 2332 duae
1116 2291 1212 2333 causa

260 2376 390 2457 priores
415 2385 495 2457 puta
532 2377 665 2439 materia
688 2386 721 2438 et
743 2377 883 2439 efficiens
907 2386 982 2439 sunt
1006 2376 1157 2458 perfectae
1186 2386 1213 2438 et

259 2483 499 2563 approximatae
523 2492 556 2544 et
579 2504 644 2544 non
681 2481 847 2564 impeditae
871 2492 980 2564 potest
1010 2484 1103 2566 sequi
1132 2483 1213 2547 essec-

259 2597 322 2665 tus;
346 2610 425 2670 ergo
449 2589 474 2650 si
498 2590 607 2651 anima
630 2599 679 2650 est
710 2610 807 2652 causa
837 2589 945 2652 totalis
976 2590 1113 2652 actualis
1143 2589 1212 2652 noti·

260 2695 313 2756 tiae
338 2696 468 2777 genitae,
492 2705 525 2758 et
548 2696 618 2778 ipsa
654 2697 788 2758 materia
811 2705 859 2758 est
882 2697 1048 2776 disposita,
1077 2697 1211 2778 sequitur

260 2802 349 2883 quod
374 2821 504 2883 semper
527 2803 588 2864 erit
610 2802 745 2864 actualis
769 2803 951 2874 intellectio,
976 2804 1067 2884 quod
1098 2813 1146 2867 est
1173 2803 1210 2864 in·

261 2909 466 2970 conveniens

327 3010 418 3080 Alia
430 3017 487 3080 est
496 3012 626 3098 Opinio
641 3010 846 3101 Gothfredi,
859 3016 949 3096 quod
961 3015 1143 3080 intellectus
1154 3035 1212 3079 non

261 3121 360 3182 habet
383 3120 582 3183 activitatem
608 3131 756 3202 respectu
782 3122 1014 3196 intellectioniS,
1032 3125 1123 3204 quod
1151 3143 1213 3206 pro-

259 3227 355 3288 batur
378 3227 440 3288 sic:
465 3247 600 3290 movens
623 3236 656 3289 et
680 3238 808 3289 motum
832 3228 952 3290 debent
979 3250 1049 3292 esse
1072 3231 1212 3293 distincta
1283 3215 1284 3258 4

260 3332 416 3413 subjecto,
441 3334 530 3414 quod
554 3355 633 3416 ergo
656 3343 705 3396 est
728 3335 760 3396 in
777 3335 922 3416 potentia
937 3337 979 3398 ad
1000 3337 1213 3418 recipiendum

260 3439 510 3501 intellectionem
547 3462 612 3503 non
640 3451 689 3504 est
720 3462 816 3503 causa
846 3443 952 3504 activa
986 3443 1213 3512 intellectionis,

260 3545 336 3627 quia
359 3547 439 3608 alius
463 3547 549 3609 idem
574 3557 657 3610 esset
681 3549 713 3610 in
738 3548 892 3629 potentia,
921 3558 955 3611 et
984 3548 1017 3613 in
1041 3561 1128 3617 actu.
1158 3549 1216 3615 Sed
