2634 4267
343 264 531 325 Drsrmcr.
555 263 603 325 IX
629 261 776 344 Quasi.
802 263 816 324 Ι
982 277 1045 343 217

110 491 176 533 uno
207 469 383 543 obstaculo,
415 468 534 530 scilicet
563 469 751 531 voluntatis.
777 469 822 530 Et
852 469 926 531 ideo
957 469 1067 532 statim

108 598 184 639 cum
215 578 282 638 vult
314 585 510 657 conceptum
534 596 630 638 suum
662 576 704 638 ab
727 575 791 638 alio
822 575 922 638 videri
958 576 1067 638 statim

110 684 159 746 ille
181 684 278 746 videt.

74 817 78 823 ·
174 790 296 855 Contra
326 789 414 851 illam
449 788 636 870 opinionem
661 797 710 852 est
740 789 855 851 eadem
888 789 969 851 ratio
992 810 1067 871 quae

109 905 221 959 contra
243 883 493 978 praecedentem.

178 1002 303 1079 Quinto
318 1012 367 1064 est
387 1001 494 1084 opinio
518 1001 608 1065 Scotr'
629 1023 706 1083 quae
725 1002 808 1064 redit
831 1002 863 1063 in
888 1002 974 1064 idem
991 1022 1067 1064 cum

110 1109 173 1173 istis
196 1111 251 1191 qui
274 1110 389 1172 dicunt
411 1110 502 1190 quod
525 1109 607 1170 sicut
638 1109 672 1170 in
697 1117 858 1190 potestate
890 1109 997 1191 angeli
1020 1118 1069 1171 est

111 1216 155 1278 uti
178 1217 230 1279 illa
252 1216 303 1278 vel
328 1216 381 1278 illa
403 1215 520 1297 specie,
544 1216 589 1278 ita
612 1215 645 1276 in
669 1215 739 1297 ejus
770 1224 930 1296 potestate
952 1223 1002 1277 est
1025 1215 1069 1297 gi-

111 1344 206 1404 gnere
239 1323 401 1385 actualem
433 1322 581 1385 notitiam
605 1323 638 1383 in
669 1322 722 1384 illa
745 1322 795 1384 vel
826 1323 858 1383 in
882 1322 935 1385 illa
958 1322 1070 1384 intelli-

111 1430 226 1511 gentia,
251 1430 327 1511 quia
350 1449 417 1492 non
442 1429 546 1511 magis
569 1429 803 1491 determinatur
823 1429 988 1510 passivum
1013 1450 1068 1491 na-

111 1538 210 1598 turale
233 1537 275 1598 ad
298 1536 487 1618 patiendum
513 1556 614 1617 quam
638 1535 782 1598 activum
808 1534 954 1597 naturale
977 1535 1019 1596 ad
1035 1557 1069 1597 a·

115 1644 267 1723 gendum.

174 1749 241 1813 Sed
275 1758 388 1812 contra
418 1749 513 1811 istam
544 1749 733 1830 opinionem
765 1756 813 1809 est
844 1749 962 1810 eadem
987 1747 1069 1810 ratio

114 1876 183 1937 quae
199 1866 314 1919 contra
337 1856 585 1937 praecedentem.
615 1856 660 1917 Et
684 1856 757 1917 ideo
773 1875 839 1916 non
859 1856 954 1917 video
981 1856 1070 1917 bono

117 1963 209 2024 modo
232 1963 392 2026 rationem
416 1962 687 2025 determinantem
712 1962 771 2023 nisi
795 1961 998 2024 voluntatem
1022 1962 1070 2023 di-

116 2067 227 2132 vinam.
261 2069 295 2133 Si
334 2079 444 2132 tamen
475 2069 582 2150 aliqua
614 2068 844 2150 praedictarum
876 2068 1068 2150 opinionum

117 2183 160 2236 est
179 2197 264 2250 vera,
289 2177 454 2241 concordo
484 2183 594 2237 tamen
619 2195 695 2237 cum
728 2175 848 2237 ultimis
871 2175 973 2237 tribus
1003 2175 1071 2256 opi·

117 2279 260 2344 nionibus
282 2302 358 2364 quae
382 2282 414 2345 in
439 2282 525 2343 idem
549 2282 698 2345 tendunt.

177 2494 236 2557 AD
261 2508 521 2560 ARGUMENTUM
549 2508 692 2558 PRIMUM
716 2495 748 2556 in
772 2495 960 2576 oppositum
985 2517 1070 2578 nego

119 2598 353 2665 minorem..Ad
362 2602 583 2684 probationem
608 2602 682 2664 dico
697 2601 787 2682 quod
811 2622 877 2663 non
894 2601 979 2664 valet
994 2603 1071 2684 quia

119 2709 245 2771 essentia
266 2709 373 2791 angeli
388 2717 436 2771 est
459 2708 625 2790 objectum
642 2701 798 2782 naturale,
823 2709 977 2790 cogitatio
993 2731 1070 2771 vero

120 2820 163 2873 est
183 2815 349 2896 objectum
373 2816 602 2881 voluntarium.

179 2922 234 2984 Ad
252 2923 429 2985 secundum
453 2930 543 3004 patet
567 2943 623 3004 per
647 2922 734 2984 idem
758 2922 840 2985 sicut
871 2922 1070 2984 declaratum

121 3028 214 3090 estin
239 3046 268 3108 3.
295 3028 421 3110 Quaest.
447 3047 475 3090 2.
501 3029 605 3091 Artic.

179 3135 235 3197 Ad
254 3136 387 3198 tertium
412 3156 498 3218 nego
521 3137 687 3218 majorem.
713 3135 771 3197 Ad
790 3135 1011 3217 probationem
1039 3136 1073 3196 il-

123 3234 175 3300 lius
196 3251 285 3323 patet
308 3243 342 3304 in
368 3257 397 3321 3.
422 3243 507 3305 Dist.
532 3242 713 3324 quaestione
736 3242 804 3304 illa:
831 3243 952 3305 Utrum
976 3262 1072 3324 ange-

123 3339 166 3404 lus
186 3357 361 3431 eognoscat
384 3349 446 3410 alia
468 3369 488 3410 a
510 3369 544 3410 se
568 3369 623 3430 per
647 3349 769 3430 species
792 3349 918 3410 innatas
941 3349 991 3410 vel
1022 3369 1073 3410 ac·

123 3450 254 3527 quisitas.
282 3456 404 3538 Quaere
428 3454 559 3518 ibidem.
