2634 4267
217 239 260 317 96
454 236 527 300 Lm.
553 237 582 298 ΙΙ
607 235 901 301 Ssnrsurmnuu

244 441 320 503 ‘Ad
338 441 522 515 secundum,
540 442 566 504 si
582 451 715 523 propter
740 440 802 502 hoc
819 441 910 523 quod
933 443 1072 505 essentia
1089 465 1172 524 par-

195 548 308 629 ticipat
330 569 408 622 esse,
426 569 492 610 non
515 558 564 610 est
580 549 667 611 idem
691 549 782 629 quod
798 568 875 622 esse,
892 558 971 610 tunc
995 569 1072 611 cum
1090 571 1172 612 esse

195 655 236 717 sit
259 656 412 736 quaedam
437 655 614 717 similitudo
639 655 711 728 Dei,
729 665 761 717 et
785 676 841 736 per
865 675 1068 736 consequens
1084 677 1169 737 par-

194 761 307 842 ticipat
329 782 406 835 esse,
431 782 497 823 non
514 761 573 823 erit
598 761 685 822 idern
701 762 792 842 quod
816 782 893 835 esse,
911 763 1001 842 quod
1024 763 1085 843 ipsi
1105 785 1169 824 ne·

197 877 285 950 gant.
310 868 387 930 Ideo
411 868 484 930 dico
501 869 592 949 quod
609 868 800 949 participare
816 878 865 930 est
887 869 1059 949 dupliciter
1082 870 1170 932 sub-

193 975 312 1055 jective
334 983 366 1037 et
389 975 558 1056 objective,
591 976 698 1056 primo
734 976 834 1036 modo
857 985 906 1037 est
929 996 1043 1037 verum
1068 979 1168 1057 quod

195 1081 380 1155 assumitur,
405 1082 549 1143 secundo
574 1083 673 1143 modo
697 1091 745 1143 est
768 1080 895 1143 falsum.

263 1188 322 1250 Ad
342 1188 472 1250 tertium
496 1189 569 1250 dico
592 1189 682 1268 quod
707 1208 772 1250 non
797 1198 845 1250 est
871 1188 984 1262 simile,
1010 1189 1085 1270 quia
1104 1210 1171 1270 per

171 1354 174 1363 ,
197 1295 439 1376 generationem
464 1316 529 1357 non
553 1295 729 1375 acquiritur
745 1304 870 1368 totum,
895 1296 951 1357 sed
980 1297 1170 1358 necessario

198 1401 332 1463 materia
348 1401 620 1482 praesupponitur.
635 1401 671 1462 In
689 1402 851 1463 creatione
863 1411 973 1463 autem
987 1401 1066 1464 nihil
1079 1423 1170 1483 prae-

137 1576 139 1582 ,
197 1508 401 1589 supponitur,
425 1509 482 1570 sed
505 1508 691 1589 simpliciter
714 1518 822 1570 toturn
847 1509 1046 1589 producitur.

264 1615 322 1676 Ad
341 1625 495 1694 quartum
519 1614 593 1676 dico
616 1615 706 1695 quod
732 1615 849 1676 modus
880 1613 1083 1696 significandi
1109 1617 1165 1677 vel

198 1741 263 1782 non
288 1720 437 1782 identitas
452 1719 594 1782 formalis
618 1721 754 1802 impedit
771 1721 857 1782 illam
881 1721 1168 1802 praedicationem.

264 1828 323 1889 Ad
342 1828 492 1908 quintum
517 1827 590 1889 dico
613 1828 703 1908 quod
727 1848 766 1890 eo
789 1828 869 1908 ipso
895 1828 984 1908 quod
1003 1838 1168 1891 creaturae

198 1933 319 1995 habent
342 1955 411 1995 esse
434 1934 664 2015 participatum
689 1943 824 2015 possunt
840 1933 976 1996 deficere
1000 1934 1171 2014 objective

198 2051 232 2103 et
255 2041 401 2122 indigent
424 2041 543 2102 virtute
567 2041 676 2102 divina
700 2050 920 2102 conservante.

265 2147 324 2209 Ad
342 2158 471 2209 sextum
495 2147 621 2221 dicitur,
647 2147 737 2228 quod
761 2147 897 2208 essentia
914 2147 1085 2228 dupliciter
1110 2169 1167 2210 ac-

199 2255 324 2335 cipitur,
342 2275 408 2316 uno
425 2254 524 2316 modo
541 2255 572 2315 in
589 2253 714 2328 effectu,
732 2254 795 2316 alio
813 2254 913 2315 modo
929 2253 961 2315 in
978 2264 1166 2335 conceptu;

199 2361 305 2442 primo
330 2361 429 2422 modo
453 2361 588 2422 essentia
612 2382 678 2423 non
702 2381 776 2423 vere
800 2370 908 2441 potest
939 2361 1076 2442 intelligi
1100 2363 1169 2423 sub

199 2468 323 2529 ratione
346 2488 412 2528 non
435 2488 512 2544 esse,
537 2468 681 2529 secundo
706 2469 806 2529 modo
822 2467 875 2540 sic,
901 2468 957 2528 sed
981 2467 1167 2530 tuncnihil

199 2575 241 2636 ad
266 2575 481 2655 propositum.

266 2681 324 2742 Ad
343 2681 514 2760 septz'rrrum
539 2681 614 2742 dicit
638 2681 753 2754 Varr0,
778 2682 868 2762 quod
903 2681 1021 2761 partim
1047 2701 1166 2743 conve·

200 2788 267 2849 niat
291 2808 366 2849 cum
391 2807 465 2860 un0,
490 2797 523 2849 et
546 2788 663 2868 partim
696 2808 771 2849 cum
796 2787 869 2866 aliu,
905 2787 1060 2848 convenit
1075 2788 1168 2850 enim

199 2914 275 2955 cum
300 2914 418 2974 genere
440 2893 472 2954 in
496 2893 568 2967 hoc,
586 2893 662 2974 quia
685 2893 767 2955 sicut
791 2914 894 2975 genus
917 2901 949 2954 et
973 2893 1169 2956 differentiae

200 3000 313 3062 dicunt
336 3000 472 3061 eandem
498 3021 575 3073 rem,
600 3000 644 3061 sic
668 3021 736 3061 esse
759 3009 792 3061 et
827 3001 973 3061 essentia.
1000 2999 1168 3066 Convenit

200 3107 299 3168 etiam
323 3128 398 3168 cum
425 3107 559 3168 materia
583 3106 615 3167 in
640 3106 885 3186 comparatione
908 3107 950 3168 ad
973 3105 1116 3168 formam
1134 3117 1170 3170 et

201 3213 426 3295 privationem,
443 3213 518 3293 quia
543 3214 626 3274 sicut
643 3212 777 3274 materia
800 3233 857 3294 per
874 3212 1090 3294 privationem
1107 3212 1167 3276 ha-

201 3320 256 3380 bet
281 3340 346 3381 non
369 3340 447 3393 esse,
473 3319 518 3380 sic
542 3319 678 3380 essentia
702 3319 763 3381 sub
788 3339 853 3380 non
877 3340 945 3380 esse
974 3318 1074 3380 habet
1098 3340 1169 3383 non

200 3426 381 3488 entitatem.
407 3425 471 3489 Sed
495 3426 584 3507 quod
609 3425 725 3487 dicitur
749 3426 790 3487 de
815 3446 932 3507 genere
955 3434 988 3488 et
1019 3425 1168 3489 differen-

200 3532 255 3606 tia,
280 3533 369 3614 quod
393 3533 502 3594 dicant
525 3532 653 3613 penitus
676 3533 814 3594 eandem
845 3553 922 3605 rem,
948 3552 1013 3593 non
1038 3542 1170 3596 estve-

202 3659 286 3724 rum,
311 3640 393 3700 sicut
416 3639 540 3720 patebit
568 3639 599 3700 in
624 3639 682 3701 ult.
707 3639 781 3701 Art.
807 3639 903 3701 istius
930 3637 1050 3714 Quoest.
1088 3640 1171 3703 Ideo
