2634 4267
254 259 317 323 140
516 243 591 307 Lm.
617 243 647 305 11
673 241 968 306 Ssnrsmnnun

220 468 302 512 cum
326 450 437 512 omnia
460 449 547 512 entia
572 448 711 511 universi
735 447 800 512 sint
822 447 864 510 ad
887 447 974 509 idern
998 446 1050 508 vel
1076 446 1119 508 ad
1152 445 1207 508 in·
1277 475 1278 490 2

223 555 330 618 vicem
354 575 514 629 connexa,
531 576 573 617 ex
597 569 627 635 7.
641 553 808 635 Metapa,
835 563 915 616 tunc
930 563 1040 635 posset
1056 553 1208 635 angelus

219 661 320 724 simul
344 662 456 724 omnia
478 661 658 744 intelligere
682 671 714 724 et
738 670 846 725 totum
864 660 1062 740 universum.

290 769 349 831 Ao
351 769 500 849 primam
513 768 671 832 rationem
684 767 856 849 opinionis,
873 788 949 830 cum
966 766 1083 828 dicitur
1098 769 1204 848 quod

217 884 315 937 actus
338 875 455 957 accipit
486 875 627 956 speciem
651 875 693 937 ab
724 873 865 955 objectu,
890 894 976 956 nego
1007 873 1203 936 secundum

219 981 438 1054 identitatem,
451 983 612 1044 .concedo
636 989 748 1044 autem
772 981 952 1044 secundum
975 980 1202 1062 specificatio·

222 1109 306 1160 erem,
335 1088 412 1170 quia
435 1089 522 1150 aliud
546 1096 578 1150 et
601 1088 689 1150 aliud
713 1087 890 1168 objectum,
915 1096 947 1149 et
970 1087 1032 1149 alio
1060 1096 1093 1148 et
1129 1088 1203 1150 alio
1277 1171 1278 1174 Ἴ

219 1195 324 1257 modo
348 1193 512 1275 specificat
535 1204 657 1257 actum.
720 1227 723 1234 ,

289 1301 347 1363 Ao
367 1301 466 1364 aliud
485 1301 527 1363 de
544 1300 653 1364 medio
677 1307 785 1381 potest
808 1300 871 1363 dici
888 1320 954 1363 uno
971 1301 1071 1362 modo
1094 1302 1202 1381 quod

217 1399 401 1470 intellectus
418 1427 482 1470 non
500 1407 630 1481 mediat,
655 1407 713 1470 sed
728 1415 777 1469 est
793 1407 876 1469 sicut
892 1416 1077 1469 extremum
1093 1409 1202 1487 quod

219 1523 371 1576 causatur
394 1513 436 1576 ab
450 1524 597 1596 utroque.
615 1515 723 1577 Aliter
740 1523 847 1596 potest
862 1514 926 1576 dici
949 1513 1200 1594 distinguendo

214 1620 261 1682 de
285 1621 403 1693 medio,
435 1621 525 1702 quod
555 1630 604 1683 est
636 1621 781 1684 medium
813 1640 870 1702 per
897 1619 1199 1702 participationem

214 1736 453 1801 extremorum,
486 1728 569 1790 sicut
598 1736 689 1809 patet
719 1728 752 1790 in
771 1709 960 1801 ‘coloribus
984 1736 1016 1788 et
1046 1727 1087 1788 de
1124 1727 1199 1792 hoc

217 1851 332 1895 verum
356 1843 404 1896 est
427 1836 517 1916 quod
541 1836 725 1898 assumitur.
750 1835 830 1897 Alio
848 1835 948 1896 modo
971 1842 1019 1896 est
1036 1833 1196 1897 medium

212 1952 275 2022 per
298 1941 554 2022 abreegationem,
582 1941 666 2004 sicut
695 1951 744 2004 est
775 1941 975 2013 intellecti0,.
991 1951 1023 2003 et
1053 1940 1094 2003 de
1130 1943 1195 2004 tali

217 2047 328 2109 medio
351 2056 399 2109 est
423 2046 550 2110 salsum.

282 2149 356 2220 Est
374 2171 464 2241 ergo
487 2152 595 2221 teriia
619 2153 757 2241 opinio,
775 2155 978 2217 concordans
994 2174 1069 2216 cum
1098 2173 1195 2234 prae-

211 2260 342 2322 cedenti
367 2261 398 2322 in
430 2261 536 2342 prima
566 2262 783 2336 conclusione,
815 2281 917 2343 quam
952 2270 1056 2332 teneo,
1088 2263 1192 2340 quod

211 2367 351 2448 angelus
374 2367 522 2450 intelligit
546 2389 580 2430 se
603 2389 659 2449 per
688 2389 781 2429 suam
812 2367 995 2441 essentiam,
1027 2367 1071 2428 ita
1087 2367 1192 2447 quod

212 2474 352 2535 essentia
375 2494 433 2539 sua
456 2484 505 2536 est
535 2474 616 2536 ratio
647 2474 876 2556 cognoscendi.
901 2474 1068 2536 —Istam
1099 2493 1190 2536 con-

211 2579 392 2642 clusionem
417 2581 534 2661 probat
559 2581 677 2644 Scotus

281 2687 397 2749 Primo
427 2687 489 2748 sic:
522 2687 627 2749 omnis
658 2709 765 2749 cansa¹
788 2687 929 2769 partialis
959 2708 1034 2769 quae
1065 2693 1113 2748 est
1149 2688 1187 2750 in

210 2801 288 2854 actu
313 2792 456 2874 perfecto
480 2794 538 2855 sibi
563 2795 694 2876 proprio
719 2803 826 2876 potest
853 2814 986 2856 causare
1016 2793 1075 2856 sibi
1105 2813 1187 2856 cor-

212 2901 465 2981 respondentem
488 2900 650 2974 effectum,
675 2911 708 2963 et
730 2902 863 2982 quando
886 2910 935 2963 est
966 2901 1055 2963 unita
1086 2900 1184 2964 alteri

211 3025 320 3068 causae
344 3007 469 3088 partiali
494 3017 601 3089 potest
624 3029 700 3070 cum
724 3029 762 3070 ea
785 3007 926 3089 perfecte
949 3028 1080 3070 causare
1087 3029 1094 3085 ;
1120 3010 1184 3072 sed

209 3113 349 3175 essentia
373 3114 479 3195 angeli
502 3124 550 3176 est
566 3115 607 3176 de
630 3135 665 3176 se
687 3115 719 3176 in
736 3124 810 3177 actu
833 3108 1182 3197 persectocorrespon·

208 3217 309 3280 dente
332 3219 470 3299 objecto,
496 3229 531 3281 ut
547 3220 714 3301 objectum
739 3220 837 3283 habet
861 3221 1083 3284 causalitatem
1105 3241 1184 3302 par-

208 3323 331 3399 tialem,
364 3335 399 3388 ut
422 3327 622 3389 declaratum
653 3335 702 3388 est
733 3328 764 3388 in
797 3347 826 3391 1.
858 3329 958 3401 Art.,·
993 3349 1074 3410 ergo
1105 3327 1180 3410 ipsa

210 3430 302 3493 unita
333 3433 423 3494 alteri
447 3454 554 3495 causae
585 3433 720 3514 partiali,
746 3444 825 3515 puta
857 3434 1041 3509 intellectui,
1066 3443 1180 3517 potest

209 3535 330 3599 habere
353 3538 532 3618 perfectum
556 3550 668 3601 actum
692 3540 915 3602 intellectionis
943 3551 1092 3622 respectu
1114 3544 1178 3606 sui.

278 3642 424 3705 Secundo
447 3645 508 3706 sic:
533 3665 599 3707 non
624 3645 757 3706 minoris
780 3647 932 3709 efficaciae
963 3655 1011 3709 est
1035 3650 1180 3713 essentia
