2634 4267
461 938 780 1047 Distinctio
820 940 1050 1043 XXXII.

402 1198 608 1295 Quoniam
642 1198 963 1296 supradictum
996 1199 1097 1274 est...
1264 1285 1266 1294 ‚

330 1326 370 1387 ln
384 1326 448 1387 ista
461 1323 743 1400 Distincrionejz.
757 1332 877 1385 tractat
888 1322 1051 1404 Magister
1061 1320 1097 1382 de
1107 1317 1200 1381 remis·
1264 1389 1265 1392 Ἴ

263 1436 351 1496 sione
373 1431 552 1514 originalis
570 1430 706 1512 peccati.
732 1430 806 1491 Ideo
829 1429 998 1510 quaritur.
1264 1419 1265 1424 ’

592 1588 770 1671 QuAEsrro
794 1603 917 1653 uruca,

331 1751 440 1807 Utrum
458 1749 488 1803 ln
510 1748 658 1817 Baptismo
676 1747 846 1803 remittatur
862 1746 1003 1813 originale
1021 1746 1160 1814 paeonium.
1265 1712 1267 1718 Ι

335 1895 472 1958 Videtur
496 1894 587 1975 quod
620 1913 686 1954 non
720 1892 797 1973 quia
831 1893 928 1973 culpa
962 1912 1029 1955 non
1058 1887 1200 1952 remittitur
1265 1887 1266 1892 ’

268 2003 325 2065 nisi
347 2001 471 2082 justitia
495 2000 647 2081 opposita
672 2000 875 2075 restituatur;
899 1999 957 2060 sed
989 1997 1107 2078 justitia
1129 1990 1200 2073 origi·

267 2110 346 2172 nolis
371 2129 436 2171 non
460 2107 642 2169 restituitur
666 2107 699 2167 in
714 2106 879 2187 baptismo
888 2128 895 2183 ;
920 2127 1010 2187 ergo,

340 2214 459 2279 Contra
483 2223 532 2276 est
560 2214 716 2295 Magister
739 2213 773 2275 in
797 2213 896 2275 litera.

318 2324 575 2385 'RESPONDEO⁸
601 2321 664 2382 Hic
690 2328 766 2382 sunt
789 2320 856 2383 duo
873 2320 963 2381 modi
986 2320 1121 2382 dicendi:

344 2428 467 2495 Unus
489 2428 581 2509 quod
606 2436 779 2509 peccatum
814 2426 970 2508 originale
1004 2434 1107 2508 potest
1126 2419 1200 2503 accipi

272 2544 432 2617 quantum
456 2535 498 2596 ad
522 2543 650 2595 reatum
676 2554 742 2614 quo
766 2532 837 2614 quis
849 2542 898 2594 est
910 2532 994 2596 filius
1011 2532 1162 2615 gehenna,
1179 2537 1202 2589 et

272 2642 316 2703 sic
340 2641 513 2703 remittitur
528 2641 560 2701 in
579 2640 764 2721 Baptismo:
778 2639 841 2700 aiio
854 2641 954 2701 modo
967 2640 1116 2721 accipitur
1129 2656 1203 2719 quau-

273 2758 344 2810 tum
361 2748 403 2808 ad
427 2747 584 2819 fomitem,
611 2756 646 2808 ut
669 2756 719 2808 est
752 2747 907 2827 quaedam
931 2746 1076 2827 pronitas
1100 2746 1136 2807 ad
1154 2763 1202 2805 ma-

274 2855 352 2927 lum,
366 2864 398 2915 et
421 2854 466 2915 sic
489 2874 556 2915 non
573 2853 757 2925 remittitur,
774 2852 850 2934 quia
863 2851 966 2914 fomes
978 2873 1103 2935 semper
1113 2858 1202 2913 manet.

340 2957 472 3024 Alius
498 2960 659 3025 modus
694 2956 867 3025 ditandi·
893 2969 943 3021 est
977 2960 1067 3041 quod
1099 2956 1203 3041 privatio

275 3067 445 3148 dupliciter
471 3066 594 3129 tollitur
619 3076 699 3147 puta
723 3076 755 3128 et
779 3086 835 3147 per
870 3064 1020 3128 habitum
1052 3066 1203 3149 oppositum

277 3173 452 3235 formaliter
481 3182 514 3234 et
549 3194 606 3254 per
642 3173 792 3235 habitum
828 3172 1020 3254 oppositum
1055 3171 1202 3235 virtualiter.

277 3280 374 3341 Nunc
398 3288 508 3341 autern
532 3300 598 3341 non
623 3279 796 3342 remittitur
820 3288 992 3361 peccatum
1027 3280 1163 3362 originale
1179 3284 1203 3337 ut

279 3395 418 3467 ponatur
442 3384 571 3448 habitus
594 3383 780 3459 formaliter,
806 3395 885 3467 puta
906 3386 1031 3466 justitia
1062 3384 1203 3469 originalis;

278 3492 334 3554 sed
358 3492 532 3555 remittitur
557 3492 633 3574 quia
658 3493 790 3573 ponitur
826 3491 956 3554 habitus
991 3495 1147 3575 oppositus
1162 3491 1203 3554 vir·

279 3598 416 3671 tuaiiter,
441 3599 517 3679 quia
541 3600 655 3679 gratia,
680 3609 712 3662 et
738 3620 795 3681 per
818 3599 882 3661 hoc
906 3608 996 3682 patet
1019 3601 1063 3662 ad
1075 3618 1203 3683 argumen-

279 3711 351 3763 tum
376 3702 408 3763 in
432 3703 641 3765 contrarium.
