2634 4267
532 239 617 300 86
982 238 1131 301 L1B.
1179 239 1238 301 II
1288 240 1875 305 SENTENnARUM

618 443 736 504 Ad
772 464 988 506 omnes
1034 443 1191 506 illas
1234 444 1518 507 rationes
1563 453 1778 526 potest
1823 444 2104 506 breviter
2154 466 2427 527 respon·

489 548 626 610 deri
673 549 1034 611 secundum
1081 549 1352 631 aliquOS,
1401 551 1583 632 quod
1628 570 1857 612 verum
1890 551 2301 613 concludunt
2346 553 2433 614 de

486 654 893 718 indivisibili
934 657 1017 718 de
1063 677 1299 739 genere
1353 656 1768 738 quantitatis,
1825 676 1955 719 non
2032 666 2259 720 tamen
2344 659 2430 720 de

486 761 849 824 indivisibili
897 763 979 825 de
1010 783 1245 845 genere
1287 763 1716 826 substantiali
1758 762 1922 824 sicut
1967 773 2066 825 est
2123 766 2428 846 angelus

485 867 657 931 Vide
703 869 1125 931 Aristotelem
1172 867 1232 931 6.
1280 868 1484 951 Phys.
1532 891 1585 932 c.
1634 888 1737 932 12.
1817 870 1995 951 quod
2066 879 2242 933 recte
2322 880 2421 933 est

487 994 608 1055 pro
656 974 864 1056 prima
910 976 1249 1039 solutione.
1297 1012 1387 1023 -
1435 976 1564 1039 Sed
1598 975 1765 1038 forte
1796 975 1967 1037 istud
2000 996 2132 1038 non
2165 986 2264 1039 est
2321 999 2426 1040 ve-

487 1101 634 1142 rum
668 1083 1025 1144 secundum
1082 1082 1255 1144 viam
1311 1082 1690 1164 Philosophi
1740 1101 1801 1148 Ι.
1850 1083 1929 1145 de
1972 1082 2250 1155 Anima,
2312 1084 2427 1146 ubi

486 1188 641 1250 dicit
699 1189 878 1269 quod
946 1188 1181 1270 sphera
1250 1198 1432 1252 mota
1499 1209 1697 1270 super
1769 1190 2040 1270 planum
2113 1189 2427 1252 describit

487 1295 720 1357 lineam
769 1295 834 1356 in
883 1296 1097 1376 plan0,
1146 1304 1210 1359 et
1277 1305 1498 1359 tamen
1548 1316 1679 1357 non
1731 1296 1944 1378 tangit
1990 1296 2110 1358 nisi
2143 1297 2210 1358 in
2259 1318 2430 1378 pun-

485 1410 626 1473 cto;
677 1401 908 1463 dicitur
955 1401 1060 1464 hic
1091 1402 1272 1483 quod
1298 1423 1429 1465 non
1469 1411 1567 1464 est
1613 1401 1990 1483 sphericum
2039 1403 2104 1464 in
2162 1412 2424 1466 natura.

490 1508 621 1571 Sed
667 1517 912 1582 contra,
962 1509 1113 1590 quia
1160 1509 1404 1571 coelum
1453 1508 1828 1590 simpliciter
1876 1518 1975 1571 est
2022 1509 2428 1590 sphericum,

485 1614 633 1677 dico
677 1636 836 1697 ergo
883 1615 1061 1677 aliter
1108 1615 1191 1677 ad
1239 1615 1518 1677 rationes
1552 1614 1950 1697 Philosophi.

617 1721 735 1783 Ad
779 1722 1099 1803 primum,
1164 1722 1526 1783 secundum
1574 1721 1942 1783 Varronem
1989 1730 2053 1783 et
2112 1722 2418 1797 Scotum,

485 1829 666 1909 quod
689 1829 795 1890 illa
811 1828 1190 1910 partibilitas
1222 1848 1355 1890 non
1401 1837 1498 1890 est
1547 1827 1882 1890 referenda
1908 1829 1992 1889 ad
2025 1827 2243 1909 ipsum
2290 1851 2428 1893 mo-

486 1934 631 2009 bile,
656 1935 768 1997 sed
784 1935 867 1996 ad
885 1935 1099 2016 ipsum
1118 1935 1423 2015 spatium,
1451 1934 1540 1996 ita
1555 1934 1734 2016 quod
1759 1934 1919 1996 illud
1945 1934 2233 2016 spatium
2259 1956 2431 1998 sem-

484 2061 599 2123 per
646 2042 709 2104 in
759 2042 973 2104 medio
1019 2062 1087 2104 se
1133 2040 1332 2104 habet
1378 2061 1492 2122 per
1539 2050 1905 2123 respectum
1954 2041 2037 2103 ad
2062 2042 2424 2104 terminum

483 2147 568 2210 ad
615 2169 811 2230 quem
859 2156 923 2209 et
967 2169 1006 2210 a
1052 2168 1206 2230 quo,
1257 2157 1329 2209 ut
1375 2147 1456 2209 sit
1501 2147 1645 2211 talis
1671 2166 1928 2210 sensus:
1955 2147 2194 2228 partim
2223 2147 2428 2212 habet

485 2254 567 2316 de
611 2255 891 2316 termino
937 2255 1021 2317 ad
1067 2274 1265 2336 quem
1313 2262 1380 2316 et
1427 2254 1662 2335 partim
1710 2254 1794 2315 de
1839 2253 2120 2316 termino
2167 2275 2208 2316 a
2263 2274 2424 2337 quo:

484 2361 572 2423 sic
590 2360 784 2422 etiam
810 2361 949 2422 vult
975 2359 1408 2441 Philosophus
1433 2360 1606 2421 illam
1634 2358 2121 2441 partibilitatem
2149 2343 2426 2442 intelligi

483 2467 647 2529 sicut
693 2466 754 2530 6.
803 2465 1005 2548 Phys.
1056 2465 1247 2529 refert
1294 2466 1814 2540 Commentator,
1863 2465 2051 2546 cujus
2097 2466 2428 2549 opinionis

482 2573 677 2636 etiam
726 2572 845 2635 fuit
894 2573 1391 2636 Commentator
1437 2572 1810 2654 aliquandO,
1862 2581 1934 2634 ut
1980 2572 2257 2654 ipsemet
2332 2574 2429 2636 di-

482 2679 587 2742 cit.

613 2786 731 2848 Ad
769 2785 965 2848 aliud
1004 2785 1150 2848 dico
1196 2786 1377 2866 quod
1412 2785 1832 2866 pertransiri
1873 2795 2089 2867 potest
2149 2786 2423 2869 intelligi

481 2893 839 2975 dupliciter,
888 2893 989 2955 vel
1034 2892 1369 2956 divisibili
1411 2893 1513 2954 vel
1565 2892 1988 2955 indivisibili.
2025 2892 2092 2957 Si
2127 2894 2427 2977 intelligi-

480 3004 586 3057 tur
634 3016 753 3077 pro
798 2994 1166 3076 pertransiri
1214 2994 1602 3067 indivisibili,
1652 2994 2010 3076 propositio
2057 3005 2153 3057 est
2230 2996 2422 3069 falsa;

478 3110 636 3164 tunc
683 3101 856 3163 enim
904 3110 1162 3182 oportet
1208 3100 1564 3163 concedere
1610 3102 1791 3184 quod
1851 3111 2020 3164 esset
2081 3102 2239 3165 dare
2299 3104 2424 3185 pri-

479 3228 657 3270 mam
708 3208 1136 3270 mutationem
1184 3207 1249 3270 in
1298 3217 1482 3270 motu
1532 3208 1737 3282 locali,
1787 3209 1967 3290 quod
2030 3217 2127 3270 est
2188 3219 2422 3272 contra

481 3313 952 3396 Philosophum
984 3313 1045 3377 6.
1081 3313 1283 3396 Phys.
1336 3315 1403 3378 Si
1454 3324 1673 3377 autem
1723 3315 2098 3398 intelligitur
2145 3316 2229 3378 de
2276 3338 2418 3398 per-

480 3420 730 3483 transiri
778 3421 1093 3493 divisibili,
1144 3429 1300 3484 tunc
1347 3431 1563 3504 potest
1609 3422 1880 3504 intelligi
1937 3443 2069 3484 non
2130 3423 2213 3484 de
2273 3433 2420 3486 toto

480 3528 728 3590 ratione
773 3528 991 3603 totiuS,
1041 3529 1154 3591 sed
1201 3529 1284 3590 de
1330 3537 1472 3591 toto
1521 3529 1775 3592 ratione
1845 3529 2067 3610 partiS.
2141 3529 2234 3591 Et
2310 3530 2418 3593 illo

479 3635 682 3696 modo
730 3644 946 3716 potest
992 3635 1284 3709 concedi,
1333 3636 1448 3698 sed
1499 3656 1628 3698 non
1680 3637 1852 3698 valet
1898 3636 1963 3697 in
2012 3636 2372 3718 proposito,
