2634 4267
340 239 526 301 Drsrrncr.
551 239 600 300 IX
624 237 771 320 QvAEsr.
797 241 827 302 ΙΙ
1006 260 1066 306 221

123 443 235 504 minat
256 452 373 524 quarto
398 443 497 505 modo
510 443 657 524 juvando
673 443 872 507 intellectum
889 446 972 508 circa
988 447 1093 529 objec-

120 560 215 623 tum,
236 559 268 612 et
291 551 399 631 ipsum
423 549 646 612 confortando

205 655 320 720 Contra
356 657 452 719 illam
486 656 667 738 opinionem
691 667 740 720 est
762 658 876 720 eadem
911 659 993 722 ratio
1017 681 1093 741 quae

120 765 190 827 fuit
213 773 324 826 contra
347 763 512 826 Thomam
537 764 578 826 de
602 764 836 827 illuminatione
867 764 1092 830 confortativa.

119 873 213 934 Item
228 871 335 952 arguit
351 871 396 933 sic
411 866 535 945 Varr0,'
554 871 630 952 quia
646 871 671 932 si
688 892 772 934 unus
788 872 922 953 angelus
938 893 1004 935 non
1017 873 1093 937 facit

120 978 249 1060 aliquid
272 978 305 1039 in
317 977 392 1057 aliu,
416 998 483 1039 non
500 978 629 1040 videtur
640 978 748 1059 ipsum
764 978 953 1054 illuminare,
971 980 1054 1042 sicut
1066 981 1092 1042 si

118 1086 170 1148 sol
197 1105 326 1166 semper
350 1085 473 1146 luceret
508 1084 540 1147 in
564 1105 608 1158 se,
632 1092 665 1146 et
688 1085 766 1146 nihil
790 1084 908 1148 faceret
930 1095 1024 1148 extra
1047 1108 1090 1162 se,

120 1212 297 1272 nunquam
321 1191 519 1253 illuminaret
543 1191 698 1253 medium.
723 1192 858 1273 Propter
881 1193 971 1274 quod
995 1203 1043 1255 est

197 1405 395 1492 Quartus
417 1405 576 1470 maduo
592 1404 777 1486 dicendo}
795 1404 914 1468 scilicet
930 1405 1019 1469 Scoti
1035 1408 1090 1488 qui

118 1513 200 1574 dicit
226 1513 317 1594 quod
341 1511 533 1573 illuminatio
557 1511 589 1572 in
605 1511 723 1593 angelo
736 1520 784 1572 est
799 1511 952 1592 quaedam
970 1513 1090 1575 locutio

119 1621 161 1683 de
184 1631 269 1682 noto
293 1617 525 1700 perfectissimo
548 1618 580 1679 in
603 1638 674 1680 esse
702 1618 854 1692 secund0,
879 1627 911 1680 et
934 1640 1018 1680 unus
1033 1641 1090 1681 an-

120 1727 215 1808 gelus
240 1734 349 1808 potest
370 1724 461 1787 alteri
473 1724 571 1805 loqui,
589 1732 625 1786 ut
641 1732 731 1805 patet
746 1745 788 1786 ex
805 1733 920 1804 quaest.
938 1727 1089 1806 praeced„

119 1834 193 1896 ideo
219 1854 306 1895 unus
330 1839 437 1914 potest
460 1831 559 1893 alium
585 1831 774 1893 illuminare.

187 1940 256 2004 Sed
282 1939 334 2002 hic
357 1947 433 2001 sunt
456 1939 523 2001 duo
541 1938 657 2000 dubia:
678 1953 791 2010 unum,
812 1939 837 1999 si
861 1939 1005 2020 superior
1021 1939 1091 2002 illu-

120 2047 250 2109 minans
276 2055 383 2128 potest
417 2045 522 2108 facere
555 2044 737 2107 inferiorem
772 2045 894 2127 aliquid
925 2046 1033 2108 videre
1057 2047 1089 2108 in

120 2155 239 2232 verbo;
265 2154 413 2226 secundo,
440 2153 466 2214 si
483 2170 487 2175 ·
502 2151 631 2214 inferior
654 2151 756 2233 possit
789 2151 970 2214 illuminare
993 2174 1088 2235 supe-

120 2260 248 2323 riorem.

184 2368 246 2430 Ad
263 2367 411 2448 primum
434 2366 509 2428 dico
531 2365 621 2448 quod
646 2386 722 2438 non,
747 2365 823 2446 quia
845 2365 928 2427 sicut
944 2367 1088 2448 cognitio

119 2475 207 2536 verbi
230 2483 284 2538 est
308 2494 395 2536 mere
417 2472 677 2554 supernaturalis,
693 2472 737 2532 ita
753 2472 895 2554 cognitio
919 2472 1088 2553 cujuscun-

121 2600 182 2660 que
204 2580 329 2662 objecti
353 2579 495 2642 contenti
519 2579 551 2640 in
574 2599 614 2640 eo
637 2587 686 2640 est
709 2598 797 2640 mere
820 2579 1086 2660 supernaturalis;

122 2687 174 2748 sed
197 2688 293 2770 quod
317 2695 365 2749 est
388 2706 475 2748 mere
498 2685 743 2766 supernaturale
759 2705 824 2747 non
841 2685 986 2766 subjacet
1009 2706 1085 2748 cau-

122 2792 234 2856 salitati
259 2815 368 2857 causae
392 2793 562 2868 secundae3
587 2813 676 2874 ergo,

185 2902 244 2964 Ad
264 2901 440 2964 secundum
464 2899 600 2962 dubium
625 2899 699 2960 dico
734 2898 825 2978 quod
849 2899 939 2959 Deus
963 2899 1003 2960 de
1027 2920 1086 2979 po-

123 3009 219 3071 tentia
242 3029 305 3071 sua
320 3008 468 3070 absoluta
488 3015 597 3088 potest
611 3005 735 3086 aliquid
751 3006 891 3066 revelare
906 3006 1024 3086 angelo
1041 3006 1085 3066 in-

125 3110 235 3189 feriori,
260 3115 353 3196 quod
376 3133 442 3175 non
466 3122 549 3175 esset
572 3112 750 3174 revelatum
774 3112 891 3192 angelo
919 3112 1084 3193 superiori.

125 3217 166 3280 Et
187 3230 266 3284 tunc
291 3222 344 3283 ille
366 3219 494 3282 inferior
518 3227 626 3301 posset
657 3219 766 3299 aliquo
790 3219 890 3279 modo
925 3218 1012 3298 loqui
1037 3239 1086 3279 su-

126 3327 247 3403 periori,
271 3348 348 3409 quae
371 3327 492 3389 locutio
515 3334 598 3388 esset
621 3325 730 3406 aliquo
755 3325 854 3385 modo
883 3323 1084 3386 illuminatio,

126 3428 174 3492 De
196 3433 366 3497 communi
390 3443 500 3496 tamen
535 3453 630 3494 cursu
655 3430 815 3512 quidquid
850 3433 941 3493 Deus
965 3431 1086 3492 revelat

128 3533 336 3614 inferioribus,
360 3540 480 3602 revelat
503 3548 535 3602 et
558 3537 785 3626 superioribus
