<?xml version="1.0" encoding="UTF-8"?>
<!DOCTYPE html PUBLIC "-//W3C//DTD XHTML 1.0 Transitional//EN"
    "http://www.w3.org/TR/xhtml1/DTD/xhtml1-transitional.dtd">
<html xmlns="http://www.w3.org/1999/xhtml" xml:lang="en" lang="en">
 <head>
  <title>
</title>
<meta http-equiv="Content-Type" content="text/html;charset=utf-8" />
  <meta name='ocr-system' content='tesseract 3.04.00' />
  <meta name='ocr-capabilities' content='ocr_page ocr_carea ocr_par ocr_line ocrx_word'/>
</head>
<body>
  <div class='ocr_page' id='page_1' title='image "./commentariainli00scotgoog_0314.png"; bbox 0 0 2634 4267; ppageno 0'>
   <div class='ocr_carea' id='block_1_1' title="bbox 185 271 982 365">
    <p class='ocr_par' dir='ltr' id='par_1_1' title="bbox 185 271 982 365">
     <span class='ocr_line' id='line_1_1' title="bbox 185 271 982 365; baseline -0.001 -30"><span class='ocrx_word' id='word_1_1' title='bbox 185 274 207 321; x_wconf 83' lang='lat'><em>⁰</em></span> <span class='ocrx_word' id='word_1_2' title='bbox 275 288 338 350; x_wconf 84' lang='lat'>302</span> <span class='ocrx_word' id='word_1_3' title='bbox 530 272 606 365; x_wconf 71' lang='lat' dir='ltr'>Lm.</span> <span class='ocrx_word' id='word_1_4' title='bbox 631 273 661 335; x_wconf 88' lang='lat'>11</span> <span class='ocrx_word' id='word_1_5' title='bbox 686 271 982 335; x_wconf 77' lang='lat' dir='ltr'>Sauranrrnauu</span> 
     </span>
    </p>
   </div>
   <div class='ocr_carea' id='block_1_2' title="bbox 249 476 1207 1197">
    <p class='ocr_par' dir='ltr' id='par_1_2' title="bbox 249 476 1205 772">
     <span class='ocr_line' id='line_1_2' title="bbox 249 476 1203 554; baseline -0.002 -15"><span class='ocrx_word' id='word_1_6' title='bbox 249 477 303 539; x_wconf 93' lang='lat' dir='ltr'>die</span> <span class='ocrx_word' id='word_1_7' title='bbox 325 476 505 539; x_wconf 92' lang='lat' dir='ltr'>comederis</span> <span class='ocrx_word' id='word_1_8' title='bbox 527 496 570 539; x_wconf 91' lang='lat' dir='ltr'>ex</span> <span class='ocrx_word' id='word_1_9' title='bbox 593 497 643 551; x_wconf 89' lang='lat' dir='ltr'>e0‚</span> <span class='ocrx_word' id='word_1_10' title='bbox 668 485 774 539; x_wconf 91' lang='lat' dir='ltr'>morte</span> <span class='ocrx_word' id='word_1_11' title='bbox 797 476 960 554; x_wconf 89' lang='lat' dir='ltr'>morieris;</span> <span class='ocrx_word' id='word_1_12' title='bbox 986 478 1043 539; x_wconf 90' lang='lat' dir='ltr'>sed</span> <span class='ocrx_word' id='word_1_13' title='bbox 1070 497 1129 539; x_wconf 93' lang='lat' dir='ltr'>non</span> <span class='ocrx_word' id='word_1_14' title='bbox 1160 476 1203 538; x_wconf 88' lang='lat' dir='ltr'>di-</span> 
     </span>
     <span class='ocr_line' id='line_1_3' title="bbox 251 582 1205 664; baseline -0.001 -20"><span class='ocrx_word' id='word_1_15' title='bbox 251 583 301 645; x_wconf 86' lang='lat' dir='ltr'>xit</span> <span class='ocrx_word' id='word_1_16' title='bbox 325 582 387 645; x_wconf 92' lang='lat' dir='ltr'>hoc</span> <span class='ocrx_word' id='word_1_17' title='bbox 410 584 451 646; x_wconf 91' lang='lat' dir='ltr'>de</span> <span class='ocrx_word' id='word_1_18' title='bbox 474 592 548 645; x_wconf 90' lang='lat' dir='ltr'>actu</span> <span class='ocrx_word' id='word_1_19' title='bbox 574 583 741 657; x_wconf 89' lang='lat' dir='ltr'>moriendi,</span> <span class='ocrx_word' id='word_1_20' title='bbox 766 582 925 664; x_wconf 91' lang='lat' dir='ltr'>quianon</span> <span class='ocrx_word' id='word_1_21' title='bbox 949 584 1060 645; x_wconf 89' lang='lat' dir='ltr'>statim</span> <span class='ocrx_word' id='word_1_22' title='bbox 1083 582 1205 645; x_wconf 88' lang='lat' dir='ltr'>fuerunt</span> 
     </span>
     <span class='ocr_line' id='line_1_4' title="bbox 253 678 737 772; baseline 0 -21"><span class='ocrx_word' id='word_1_23' title='bbox 253 678 390 764; x_wconf 81' lang='lat' dir='ltr'>mortui3</span> <span class='ocrx_word' id='word_1_24' title='bbox 414 710 494 772; x_wconf 87' lang='lat' dir='ltr'>ergo</span> <span class='ocrx_word' id='word_1_25' title='bbox 517 691 558 752; x_wconf 97' lang='lat' dir='ltr'>de</span> <span class='ocrx_word' id='word_1_26' title='bbox 582 690 737 772; x_wconf 90' lang='lat' dir='ltr'>potentia.</span> 
     </span>
    </p>

    <p class='ocr_par' dir='ltr' id='par_1_3' title="bbox 251 795 1207 1197">
     <span class='ocr_line' id='line_1_5' title="bbox 319 795 1207 878; baseline -0.003 -19"><span class='ocrx_word' id='word_1_27' title='bbox 319 798 557 861; x_wconf 71' lang='lat' dir='ltr'><strong>RESPONDEO:</strong></span> <span class='ocrx_word' id='word_1_28' title='bbox 582 797 808 859; x_wconf 86' lang='lat' dir='ltr'>immortalitas</span> <span class='ocrx_word' id='word_1_29' title='bbox 825 805 933 878; x_wconf 90' lang='lat' dir='ltr'>potest</span> <span class='ocrx_word' id='word_1_30' title='bbox 957 795 1066 858; x_wconf 84' lang='lat' dir='ltr'>referri</span> <span class='ocrx_word' id='word_1_31' title='bbox 1089 796 1128 858; x_wconf 90' lang='lat' dir='ltr'>ad</span> <span class='ocrx_word' id='word_1_32' title='bbox 1144 815 1207 857; x_wconf 92' lang='lat' dir='ltr'>cor-</span> 
     </span>
     <span class='ocr_line' id='line_1_6' title="bbox 251 901 1207 986; baseline -0.001 -22"><span class='ocrx_word' id='word_1_33' title='bbox 251 924 314 986; x_wconf 93' lang='lat' dir='ltr'>pus</span> <span class='ocrx_word' id='word_1_34' title='bbox 337 904 387 964; x_wconf 95' lang='lat' dir='ltr'>vel</span> <span class='ocrx_word' id='word_1_35' title='bbox 411 904 453 966; x_wconf 94' lang='lat' dir='ltr'>ad</span> <span class='ocrx_word' id='word_1_36' title='bbox 477 903 633 967; x_wconf 86' lang='lat' dir='ltr'>animam.</span> <span class='ocrx_word' id='word_1_37' title='bbox 659 903 764 965; x_wconf 86' lang='lat' dir='ltr'>Etsic</span> <span class='ocrx_word' id='word_1_38' title='bbox 787 911 863 964; x_wconf 90' lang='lat' dir='ltr'>sunt</span> <span class='ocrx_word' id='word_1_39' title='bbox 879 904 947 965; x_wconf 94' lang='lat' dir='ltr'>duo</span> <span class='ocrx_word' id='word_1_40' title='bbox 972 903 1119 965; x_wconf 89' lang='lat' dir='ltr'>videnda.</span> <span class='ocrx_word' id='word_1_41' title='bbox 1134 901 1207 965; x_wconf 85' lang='lat' dir='ltr'>Pri·</span> 
     </span>
     <span class='ocr_line' id='line_1_7' title="bbox 252 1008 1206 1091; baseline -0.004 -19"><span class='ocrx_word' id='word_1_42' title='bbox 252 1031 312 1083; x_wconf 87' lang='lat' dir='ltr'>mo,</span> <span class='ocrx_word' id='word_1_43' title='bbox 344 1009 369 1071; x_wconf 88' lang='lat' dir='ltr'>si</span> <span class='ocrx_word' id='word_1_44' title='bbox 393 1030 511 1091; x_wconf 90' lang='lat' dir='ltr'>corpus</span> <span class='ocrx_word' id='word_1_45' title='bbox 545 1018 614 1071; x_wconf 90' lang='lat' dir='ltr'>erat</span> <span class='ocrx_word' id='word_1_46' title='bbox 637 1009 829 1071; x_wconf 86' lang='lat' dir='ltr'>immortale.</span> <span class='ocrx_word' id='word_1_47' title='bbox 867 1008 1024 1083; x_wconf 79' lang='lat' dir='ltr'>secundo,</span> <span class='ocrx_word' id='word_1_48' title='bbox 1049 1010 1073 1071; x_wconf 90' lang='lat' dir='ltr'>si</span> <span class='ocrx_word' id='word_1_49' title='bbox 1107 1009 1206 1071; x_wconf 89' lang='lat' dir='ltr'>anima</span> 
     </span>
     <span class='ocr_line' id='line_1_8' title="bbox 251 1115 1156 1197; baseline -0.002 -18"><span class='ocrx_word' id='word_1_50' title='bbox 251 1117 293 1179; x_wconf 87' lang='lat' dir='ltr'>sit</span> <span class='ocrx_word' id='word_1_51' title='bbox 316 1116 507 1179; x_wconf 90' lang='lat' dir='ltr'>immortalis</span> <span class='ocrx_word' id='word_1_52' title='bbox 532 1136 591 1197; x_wconf 91' lang='lat' dir='ltr'>pro</span> <span class='ocrx_word' id='word_1_53' title='bbox 615 1124 701 1178; x_wconf 84' lang='lat' dir='ltr'>statu</span> <span class='ocrx_word' id='word_1_54' title='bbox 726 1116 780 1177; x_wconf 92' lang='lat' dir='ltr'>illo</span> <span class='ocrx_word' id='word_1_55' title='bbox 803 1115 870 1178; x_wconf 89' lang='lat' dir='ltr'>sive</span> <span class='ocrx_word' id='word_1_56' title='bbox 894 1137 954 1197; x_wconf 89' lang='lat' dir='ltr'>pro</span> <span class='ocrx_word' id='word_1_57' title='bbox 978 1125 1065 1178; x_wconf 91' lang='lat' dir='ltr'>statu</span> <span class='ocrx_word' id='word_1_58' title='bbox 1088 1116 1156 1178; x_wconf 92' lang='lat' dir='ltr'>isto.</span> 
     </span>
    </p>
   </div>
   <div class='ocr_carea' id='block_1_3' title="bbox 252 1329 1209 3429">
    <p class='ocr_par' dir='ltr' id='par_1_4' title="bbox 252 1329 1208 2885">
     <span class='ocr_line' id='line_1_9' title="bbox 326 1329 1205 1414; baseline -0.006 -20"><span class='ocrx_word' id='word_1_59' title='bbox 326 1329 552 1414; x_wconf 73' lang='lat' dir='ltr'>Quantum</span> <span class='ocrx_word' id='word_1_60' title='bbox 569 1331 634 1395; x_wconf 83' lang='lat' dir='ltr'>acl</span> <span class='ocrx_word' id='word_1_61' title='bbox 648 1330 851 1412; x_wconf 74' lang='lat' dir='ltr'>primum</span> <span class='ocrx_word' id='word_1_62' title='bbox 876 1330 950 1391; x_wconf 87' lang='lat' dir='ltr'>dico</span> <span class='ocrx_word' id='word_1_63' title='bbox 974 1330 1065 1411; x_wconf 90' lang='lat' dir='ltr'>quod</span> <span class='ocrx_word' id='word_1_64' title='bbox 1090 1330 1205 1391; x_wconf 80' lang='lat' dir='ltr'>immor-</span> 
     </span>
     <span class='ocr_line' id='line_1_10' title="bbox 253 1435 1207 1519; baseline -0.004 -20"><span class='ocrx_word' id='word_1_65' title='bbox 253 1436 368 1499; x_wconf 83' lang='lat' dir='ltr'>talitas</span> <span class='ocrx_word' id='word_1_66' title='bbox 391 1437 561 1519; x_wconf 84' lang='lat' dir='ltr'>dupliciter</span> <span class='ocrx_word' id='word_1_67' title='bbox 585 1435 687 1519; x_wconf 89' lang='lat' dir='ltr'>accipi</span> <span class='ocrx_word' id='word_1_68' title='bbox 712 1444 829 1517; x_wconf 88' lang='lat' dir='ltr'>potest,</span> <span class='ocrx_word' id='word_1_69' title='bbox 854 1436 904 1498; x_wconf 90' lang='lat' dir='ltr'>vel</span> <span class='ocrx_word' id='word_1_70' title='bbox 928 1436 1071 1506; x_wconf 80' lang='lat' dir='ltr'>absolute</span> <span class='ocrx_word' id='word_1_71' title='bbox 1101 1437 1148 1498; x_wconf 95' lang='lat' dir='ltr'>vel</span> <span class='ocrx_word' id='word_1_72' title='bbox 1170 1455 1207 1495; x_wconf 87' lang='lat' dir='ltr'>ex</span> 
     </span>
     <span class='ocr_line' id='line_1_11' title="bbox 252 1541 1208 1624; baseline -0.004 -19"><span class='ocrx_word' id='word_1_73' title='bbox 252 1544 475 1624; x_wconf 78' lang='lat' dir='ltr'>suppositione.</span> <span class='ocrx_word' id='word_1_74' title='bbox 502 1542 535 1607; x_wconf 87' lang='lat' dir='ltr'>Si</span> <span class='ocrx_word' id='word_1_75' title='bbox 553 1542 659 1624; x_wconf 92' lang='lat' dir='ltr'>primo</span> <span class='ocrx_word' id='word_1_76' title='bbox 685 1542 794 1617; x_wconf 82' lang='lat' dir='ltr'>modu,</span> <span class='ocrx_word' id='word_1_77' title='bbox 819 1542 927 1604; x_wconf 91' lang='lat' dir='ltr'>adhuc</span> <span class='ocrx_word' id='word_1_78' title='bbox 944 1542 1125 1624; x_wconf 87' lang='lat' dir='ltr'>dupliciter,</span> <span class='ocrx_word' id='word_1_79' title='bbox 1140 1541 1208 1623; x_wconf 91' lang='lat' dir='ltr'>quia</span> 
     </span>
     <span class='ocr_line' id='line_1_12' title="bbox 253 1650 1207 1730; baseline -0.004 -18"><span class='ocrx_word' id='word_1_80' title='bbox 253 1651 303 1712; x_wconf 90' lang='lat' dir='ltr'>vel</span> <span class='ocrx_word' id='word_1_81' title='bbox 335 1650 538 1712; x_wconf 89' lang='lat' dir='ltr'>considerata</span> <span class='ocrx_word' id='word_1_82' title='bbox 572 1658 704 1723; x_wconf 84' lang='lat' dir='ltr'>natura,</span> <span class='ocrx_word' id='word_1_83' title='bbox 729 1650 780 1711; x_wconf 92' lang='lat' dir='ltr'>vel</span> <span class='ocrx_word' id='word_1_84' title='bbox 815 1650 1019 1713; x_wconf 90' lang='lat' dir='ltr'>considerato</span> <span class='ocrx_word' id='word_1_85' title='bbox 1055 1650 1135 1711; x_wconf 85' lang='lat' dir='ltr'>douo</span> <span class='ocrx_word' id='word_1_86' title='bbox 1156 1667 1207 1730; x_wconf 91' lang='lat' dir='ltr'>pro</span> 
     </span>
     <span class='ocr_line' id='line_1_13' title="bbox 253 1753 1208 1836; baseline -0.004 -18"><span class='ocrx_word' id='word_1_87' title='bbox 253 1766 339 1818; x_wconf 91' lang='lat' dir='ltr'>statu</span> <span class='ocrx_word' id='word_1_88' title='bbox 374 1757 567 1819; x_wconf 85' lang='lat' dir='ltr'>innocentiae</span> <span class='ocrx_word' id='word_1_89' title='bbox 602 1756 663 1823; x_wconf 86' lang='lat' dir='ltr'>sibi</span> <span class='ocrx_word' id='word_1_90' title='bbox 685 1756 813 1820; x_wconf 83' lang='lat' dir='ltr'>collato,</span> <span class='ocrx_word' id='word_1_91' title='bbox 851 1755 884 1819; x_wconf 85' lang='lat' dir='ltr'>Si</span> <span class='ocrx_word' id='word_1_92' title='bbox 904 1756 1014 1836; x_wconf 77' lang='lat' dir='ltr'>primo</span> <span class='ocrx_word' id='word_1_93' title='bbox 1050 1757 1148 1829; x_wconf 81' lang='lat' dir='ltr'>modu,</span> <span class='ocrx_word' id='word_1_94' title='bbox 1170 1753 1208 1816; x_wconf 92' lang='lat' dir='ltr'>sic</span> 
     </span>
     <span class='ocr_line' id='line_1_14' title="bbox 254 1861 1207 1946; baseline -0.003 -22"><span class='ocrx_word' id='word_1_95' title='bbox 254 1862 356 1924; x_wconf 94' lang='lat' dir='ltr'>homo</span> <span class='ocrx_word' id='word_1_96' title='bbox 379 1871 448 1924; x_wconf 91' lang='lat' dir='ltr'>erat</span> <span class='ocrx_word' id='word_1_97' title='bbox 484 1863 638 1936; x_wconf 90' lang='lat' dir='ltr'>mortalis,</span> <span class='ocrx_word' id='word_1_98' title='bbox 663 1870 696 1924; x_wconf 90' lang='lat' dir='ltr'>et</span> <span class='ocrx_word' id='word_1_99' title='bbox 727 1862 790 1924; x_wconf 95' lang='lat' dir='ltr'>hoc</span> <span class='ocrx_word' id='word_1_100' title='bbox 813 1862 889 1943; x_wconf 90' lang='lat' dir='ltr'>quia</span> <span class='ocrx_word' id='word_1_101' title='bbox 924 1872 993 1925; x_wconf 90' lang='lat' dir='ltr'>erat</span> <span class='ocrx_word' id='word_1_102' title='bbox 1017 1861 1207 1946; x_wconf 91' lang='lat' dir='ltr'>compositus</span> 
     </span>
     <span class='ocr_line' id='line_1_15' title="bbox 253 1968 1205 2050; baseline -0.001 -20"><span class='ocrx_word' id='word_1_103' title='bbox 253 1990 297 2031; x_wconf 87' lang='lat' dir='ltr'>ex</span> <span class='ocrx_word' id='word_1_104' title='bbox 320 1968 488 2031; x_wconf 87' lang='lat' dir='ltr'>contrariis</span> <span class='ocrx_word' id='word_1_105' title='bbox 522 1990 598 2050; x_wconf 82' lang='lat' dir='ltr'>quae</span> <span class='ocrx_word' id='word_1_106' title='bbox 623 1978 699 2031; x_wconf 90' lang='lat' dir='ltr'>nata</span> <span class='ocrx_word' id='word_1_107' title='bbox 723 1978 798 2031; x_wconf 92' lang='lat' dir='ltr'>sunt</span> <span class='ocrx_word' id='word_1_108' title='bbox 832 1989 930 2050; x_wconf 82' lang='lat' dir='ltr'>agere</span> <span class='ocrx_word' id='word_1_109' title='bbox 953 1970 985 2031; x_wconf 94' lang='lat' dir='ltr'>in</span> <span class='ocrx_word' id='word_1_110' title='bbox 1011 1990 1045 2031; x_wconf 89' lang='lat' dir='ltr'>se</span> <span class='ocrx_word' id='word_1_111' title='bbox 1069 1970 1205 2039; x_wconf 90' lang='lat' dir='ltr'>invicem,</span> 
     </span>
     <span class='ocr_line' id='line_1_16' title="bbox 253 2076 1206 2157; baseline -0.004 -19"><span class='ocrx_word' id='word_1_112' title='bbox 253 2077 279 2139; x_wconf 92' lang='lat' dir='ltr'>si</span> <span class='ocrx_word' id='word_1_113' title='bbox 304 2086 468 2157; x_wconf 88' lang='lat' dir='ltr'>ponantur</span> <span class='ocrx_word' id='word_1_114' title='bbox 492 2077 652 2138; x_wconf 86' lang='lat' dir='ltr'>elementa</span> <span class='ocrx_word' id='word_1_115' title='bbox 677 2077 858 2138; x_wconf 91' lang='lat' dir='ltr'>secundum</span> <span class='ocrx_word' id='word_1_116' title='bbox 894 2076 1043 2157; x_wconf 88' lang='lat' dir='ltr'>proprias</span> <span class='ocrx_word' id='word_1_117' title='bbox 1067 2076 1206 2139; x_wconf 82' lang='lat' dir='ltr'>essentias</span> 
     </span>
     <span class='ocr_line' id='line_1_17' title="bbox 254 2182 1205 2264; baseline -0.001 -21"><span class='ocrx_word' id='word_1_118' title='bbox 254 2183 287 2245; x_wconf 94' lang='lat' dir='ltr'>in</span> <span class='ocrx_word' id='word_1_119' title='bbox 312 2183 427 2256; x_wconf 85' lang='lat' dir='ltr'>mixto,</span> <span class='ocrx_word' id='word_1_120' title='bbox 452 2183 501 2244; x_wconf 94' lang='lat' dir='ltr'>vel</span> <span class='ocrx_word' id='word_1_121' title='bbox 527 2183 552 2244; x_wconf 92' lang='lat' dir='ltr'>si</span> <span class='ocrx_word' id='word_1_122' title='bbox 577 2204 642 2245; x_wconf 93' lang='lat' dir='ltr'>non</span> <span class='ocrx_word' id='word_1_123' title='bbox 667 2193 835 2264; x_wconf 90' lang='lat' dir='ltr'>ponuntur</span> <span class='ocrx_word' id='word_1_124' title='bbox 859 2182 941 2244; x_wconf 90' lang='lat' dir='ltr'>sicut</span> <span class='ocrx_word' id='word_1_125' title='bbox 972 2183 1082 2245; x_wconf 90' lang='lat' dir='ltr'>verius</span> <span class='ocrx_word' id='word_1_126' title='bbox 1113 2182 1205 2253; x_wconf 76' lang='lat' dir='ltr'>crede,</span> 
     </span>
     <span class='ocr_line' id='line_1_18' title="bbox 256 2287 1207 2371; baseline -0.005 -20"><span class='ocrx_word' id='word_1_127' title='bbox 256 2299 293 2351; x_wconf 91' lang='lat' dir='ltr'>ut</span> <span class='ocrx_word' id='word_1_128' title='bbox 316 2290 420 2371; x_wconf 90' lang='lat' dir='ltr'>patuit</span> <span class='ocrx_word' id='word_1_129' title='bbox 444 2310 542 2370; x_wconf 89' lang='lat' dir='ltr'>supra</span> <span class='ocrx_word' id='word_1_130' title='bbox 574 2290 662 2351; x_wconf 86' lang='lat' dir='ltr'>Dist.</span> <span class='ocrx_word' id='word_1_131' title='bbox 688 2307 739 2371; x_wconf 72' lang='lat'>15.</span> <span class='ocrx_word' id='word_1_132' title='bbox 765 2288 828 2351; x_wconf 89' lang='lat' dir='ltr'>hoc</span> <span class='ocrx_word' id='word_1_133' title='bbox 851 2297 899 2351; x_wconf 91' lang='lat' dir='ltr'>est</span> <span class='ocrx_word' id='word_1_134' title='bbox 934 2298 1070 2371; x_wconf 90' lang='lat' dir='ltr'>propter</span> <span class='ocrx_word' id='word_1_135' title='bbox 1094 2287 1207 2371; x_wconf 84' lang='lat' dir='ltr'>organi-</span> 
     </span>
     <span class='ocr_line' id='line_1_19' title="bbox 254 2396 1206 2478; baseline 0.001 -20"><span class='ocrx_word' id='word_1_136' title='bbox 254 2418 309 2459; x_wconf 91' lang='lat' dir='ltr'>cas</span> <span class='ocrx_word' id='word_1_137' title='bbox 333 2406 441 2477; x_wconf 92' lang='lat' dir='ltr'>partes</span> <span class='ocrx_word' id='word_1_138' title='bbox 464 2396 496 2457; x_wconf 91' lang='lat' dir='ltr'>in</span> <span class='ocrx_word' id='word_1_139' title='bbox 521 2397 641 2478; x_wconf 90' lang='lat' dir='ltr'>quibus</span> <span class='ocrx_word' id='word_1_140' title='bbox 665 2404 741 2458; x_wconf 90' lang='lat' dir='ltr'>sunt</span> <span class='ocrx_word' id='word_1_141' title='bbox 764 2396 935 2477; x_wconf 88' lang='lat' dir='ltr'>qualitates</span> <span class='ocrx_word' id='word_1_142' title='bbox 969 2398 1150 2460; x_wconf 84' lang='lat' dir='ltr'>contrariae.</span> <span class='ocrx_word' id='word_1_143' title='bbox 1172 2428 1206 2441; x_wconf 80' lang='lat'><em>-</em></span> 
     </span>
     <span class='ocr_line' id='line_1_20' title="bbox 257 2503 1207 2586; baseline -0.005 -20"><span class='ocrx_word' id='word_1_144' title='bbox 257 2504 290 2566; x_wconf 87' lang='lat' dir='ltr'>Si</span> <span class='ocrx_word' id='word_1_145' title='bbox 317 2503 452 2565; x_wconf 83' lang='lat' dir='ltr'>secundo</span> <span class='ocrx_word' id='word_1_146' title='bbox 483 2504 576 2565; x_wconf 81' lang='lat' dir='ltr'>ruodo</span> <span class='ocrx_word' id='word_1_147' title='bbox 607 2504 830 2565; x_wconf 89' lang='lat' dir='ltr'>consideratur</span> <span class='ocrx_word' id='word_1_148' title='bbox 853 2504 978 2565; x_wconf 93' lang='lat' dir='ltr'>donum</span> <span class='ocrx_word' id='word_1_149' title='bbox 1015 2506 1107 2586; x_wconf 81' lang='lat' dir='ltr'>q&#39;uod</span> <span class='ocrx_word' id='word_1_150' title='bbox 1131 2504 1207 2565; x_wconf 90' lang='lat' dir='ltr'>Deus</span> 
     </span>
     <span class='ocr_line' id='line_1_21' title="bbox 256 2609 1206 2691; baseline -0.003 -20"><span class='ocrx_word' id='word_1_151' title='bbox 256 2611 399 2683; x_wconf 85' lang='lat' dir='ltr'>dederat,</span> <span class='ocrx_word' id='word_1_152' title='bbox 416 2619 449 2671; x_wconf 91' lang='lat' dir='ltr'>et</span> <span class='ocrx_word' id='word_1_153' title='bbox 472 2610 589 2671; x_wconf 90' lang='lat' dir='ltr'>dicitur</span> <span class='ocrx_word' id='word_1_154' title='bbox 605 2610 697 2691; x_wconf 91' lang='lat' dir='ltr'>quasi</span> <span class='ocrx_word' id='word_1_155' title='bbox 722 2610 876 2683; x_wconf 89' lang='lat' dir='ltr'>naturale,</span> <span class='ocrx_word' id='word_1_156' title='bbox 900 2609 977 2690; x_wconf 91' lang='lat' dir='ltr'>quia</span> <span class='ocrx_word' id='word_1_157' title='bbox 993 2632 1056 2691; x_wconf 92' lang='lat' dir='ltr'>pro</span> <span class='ocrx_word' id='word_1_158' title='bbox 1081 2620 1147 2674; x_wconf 90' lang='lat' dir='ltr'>tota</span> <span class='ocrx_word' id='word_1_159' title='bbox 1162 2628 1206 2671; x_wconf 90' lang='lat' dir='ltr'>na·</span> 
     </span>
     <span class='ocr_line' id='line_1_22' title="bbox 254 2714 1208 2790; baseline -0.004 -13"><span class='ocrx_word' id='word_1_160' title='bbox 254 2726 330 2778; x_wconf 88' lang='lat' dir='ltr'>tura</span> <span class='ocrx_word' id='word_1_161' title='bbox 352 2725 421 2778; x_wconf 92' lang='lat' dir='ltr'>erat</span> <span class='ocrx_word' id='word_1_162' title='bbox 452 2716 512 2778; x_wconf 90' lang='lat' dir='ltr'>sibi</span> <span class='ocrx_word' id='word_1_163' title='bbox 536 2716 660 2790; x_wconf 87' lang='lat' dir='ltr'>datum,</span> <span class='ocrx_word' id='word_1_164' title='bbox 686 2716 730 2777; x_wconf 92' lang='lat' dir='ltr'>sic</span> <span class='ocrx_word' id='word_1_165' title='bbox 754 2714 864 2778; x_wconf 83' lang='lat' dir='ltr'>fuisset</span> <span class='ocrx_word' id='word_1_166' title='bbox 898 2716 1095 2779; x_wconf 89' lang='lat' dir='ltr'>immortalis</span> <span class='ocrx_word' id='word_1_167' title='bbox 1118 2723 1208 2779; x_wconf 86' lang='lat' dir='ltr'>stante</span> 
     </span>
     <span class='ocr_line' id='line_1_23' title="bbox 258 2822 653 2885; baseline 0.003 -2"><span class='ocrx_word' id='word_1_168' title='bbox 258 2822 390 2885; x_wconf 90' lang='lat' dir='ltr'>homine</span> <span class='ocrx_word' id='word_1_169' title='bbox 414 2823 446 2885; x_wconf 92' lang='lat' dir='ltr'>in</span> <span class='ocrx_word' id='word_1_170' title='bbox 471 2823 532 2884; x_wconf 88' lang='lat' dir='ltr'>isto</span> <span class='ocrx_word' id='word_1_171' title='bbox 555 2824 653 2885; x_wconf 94' lang='lat' dir='ltr'>dono.</span> 
     </span>
    </p>

    <p class='ocr_par' dir='ltr' id='par_1_5' title="bbox 256 2926 1209 3429">
     <span class='ocr_line' id='line_1_24' title="bbox 325 2926 1209 3009; baseline -0.007 -17"><span class='ocrx_word' id='word_1_172' title='bbox 325 2929 359 2992; x_wconf 89' lang='lat' dir='ltr'>Si</span> <span class='ocrx_word' id='word_1_173' title='bbox 382 2950 460 2991; x_wconf 91' lang='lat' dir='ltr'>vero</span> <span class='ocrx_word' id='word_1_174' title='bbox 484 2929 705 2991; x_wconf 89' lang='lat' dir='ltr'>consideratur</span> <span class='ocrx_word' id='word_1_175' title='bbox 740 2949 782 2991; x_wconf 86' lang='lat' dir='ltr'>ex</span> <span class='ocrx_word' id='word_1_176' title='bbox 817 2929 1031 3009; x_wconf 75' lang='lat' dir='ltr'>suppositione</span> <span class='ocrx_word' id='word_1_177' title='bbox 1058 2940 1092 2993; x_wconf 94' lang='lat' dir='ltr'>et</span> <span class='ocrx_word' id='word_1_178' title='bbox 1115 2926 1209 2993; x_wconf 88' lang='lat' dir='ltr'>condi·</span> 
     </span>
     <span class='ocr_line' id='line_1_25' title="bbox 257 3036 1208 3115; baseline -0.003 -18"><span class='ocrx_word' id='word_1_179' title='bbox 257 3036 354 3109; x_wconf 87' lang='lat' dir='ltr'>tione,</span> <span class='ocrx_word' id='word_1_180' title='bbox 379 3036 423 3097; x_wconf 93' lang='lat' dir='ltr'>sic</span> <span class='ocrx_word' id='word_1_181' title='bbox 439 3044 506 3097; x_wconf 90' lang='lat' dir='ltr'>erat</span> <span class='ocrx_word' id='word_1_182' title='bbox 522 3036 620 3097; x_wconf 89' lang='lat' dir='ltr'>etiam</span> <span class='ocrx_word' id='word_1_183' title='bbox 644 3036 836 3115; x_wconf 85' lang='lat' dir='ltr'>immortalis</span> <span class='ocrx_word' id='word_1_184' title='bbox 856 3044 888 3097; x_wconf 92' lang='lat' dir='ltr'>et</span> <span class='ocrx_word' id='word_1_185' title='bbox 905 3036 1060 3098; x_wconf 78' lang='lat' dir='ltr'>mortalis,</span> <span class='ocrx_word' id='word_1_186' title='bbox 1086 3038 1208 3099; x_wconf 83' lang='lat' dir='ltr'>Immor-</span> 
     </span>
     <span class='ocr_line' id='line_1_26' title="bbox 258 3142 1207 3223; baseline -0.006 -18"><span class='ocrx_word' id='word_1_187' title='bbox 258 3142 346 3216; x_wconf 79' lang='lat' dir='ltr'>talis,</span> <span class='ocrx_word' id='word_1_188' title='bbox 363 3143 440 3223; x_wconf 91' lang='lat' dir='ltr'>quia</span> <span class='ocrx_word' id='word_1_189' title='bbox 463 3151 591 3223; x_wconf 90' lang='lat' dir='ltr'>poterat</span> <span class='ocrx_word' id='word_1_190' title='bbox 608 3162 673 3204; x_wconf 93' lang='lat' dir='ltr'>non</span> <span class='ocrx_word' id='word_1_191' title='bbox 698 3142 780 3204; x_wconf 90' lang='lat' dir='ltr'>mori</span> <span class='ocrx_word' id='word_1_192' title='bbox 798 3142 822 3203; x_wconf 91' lang='lat' dir='ltr'>si</span> <span class='ocrx_word' id='word_1_193' title='bbox 846 3142 993 3215; x_wconf 89' lang='lat' dir='ltr'>stetisset,</span> <span class='ocrx_word' id='word_1_194' title='bbox 1018 3152 1051 3204; x_wconf 91' lang='lat' dir='ltr'>et</span> <span class='ocrx_word' id='word_1_195' title='bbox 1067 3144 1120 3205; x_wconf 87' lang='lat' dir='ltr'>illa</span> <span class='ocrx_word' id='word_1_196' title='bbox 1136 3144 1207 3205; x_wconf 88' lang='lat' dir='ltr'>dona</span> 
     </span>
     <span class='ocr_line' id='line_1_27' title="bbox 258 3248 1208 3330; baseline -0.005 -20"><span class='ocrx_word' id='word_1_197' title='bbox 258 3248 450 3311; x_wconf 85' lang='lat' dir='ltr'>retinuisset.</span> <span class='ocrx_word' id='word_1_198' title='bbox 468 3249 634 3323; x_wconf 83' lang='lat' dir='ltr'>Mortalis,</span> <span class='ocrx_word' id='word_1_199' title='bbox 659 3248 735 3329; x_wconf 89' lang='lat' dir='ltr'>quia</span> <span class='ocrx_word' id='word_1_200' title='bbox 759 3257 887 3330; x_wconf 90' lang='lat' dir='ltr'>pot&#39;erat</span> <span class='ocrx_word' id='word_1_201' title='bbox 903 3248 985 3310; x_wconf 90' lang='lat' dir='ltr'>mori</span> <span class='ocrx_word' id='word_1_202' title='bbox 1009 3250 1034 3311; x_wconf 91' lang='lat' dir='ltr'>si</span> <span class='ocrx_word' id='word_1_203' title='bbox 1059 3250 1112 3311; x_wconf 91' lang='lat' dir='ltr'>illa</span> <span class='ocrx_word' id='word_1_204' title='bbox 1135 3250 1208 3311; x_wconf 91' lang='lat' dir='ltr'>dona</span> 
     </span>
     <span class='ocr_line' id='line_1_28' title="bbox 256 3354 1126 3429; baseline -0.001 -12"><span class='ocrx_word' id='word_1_205' title='bbox 256 3355 425 3429; x_wconf 88' lang='lat' dir='ltr'>amisisset,</span> <span class='ocrx_word' id='word_1_206' title='bbox 451 3356 532 3417; x_wconf 88' lang='lat' dir='ltr'>sicut</span> <span class='ocrx_word' id='word_1_207' title='bbox 555 3364 588 3417; x_wconf 94' lang='lat' dir='ltr'>et</span> <span class='ocrx_word' id='word_1_208' title='bbox 611 3354 733 3417; x_wconf 88' lang='lat' dir='ltr'>factum</span> <span class='ocrx_word' id='word_1_209' title='bbox 758 3364 815 3417; x_wconf 91' lang='lat' dir='ltr'>est.</span> <span class='ocrx_word' id='word_1_210' title='bbox 1121 3367 1126 3373; x_wconf 86' lang='grc'><em>·</em></span> 
     </span>
    </p>
   </div>
   <div class='ocr_carea' id='block_1_4' title="bbox 257 3567 1206 3757">
    <p class='ocr_par' dir='ltr' id='par_1_6' title="bbox 257 3567 1206 3757">
     <span class='ocr_line' id='line_1_29' title="bbox 332 3567 1206 3652; baseline -0.001 -20"><span class='ocrx_word' id='word_1_211' title='bbox 332 3567 555 3652; x_wconf 70' lang='lat' dir='ltr'>Ouautmu</span> <span class='ocrx_word' id='word_1_212' title='bbox 594 3568 659 3633; x_wconf 82' lang='lat' dir='ltr'>ud</span> <span class='ocrx_word' id='word_1_213' title='bbox 691 3569 950 3633; x_wconf 39' lang='lat' dir='ltr'>secuudum*</span> <span class='ocrx_word' id='word_1_214' title='bbox 969 3568 1206 3634; x_wconf 74' lang='lat' dir='ltr'>Articulum</span> 
     </span>
     <span class='ocr_line' id='line_1_30' title="bbox 257 3674 1206 3757; baseline 0.002 -24"><span class='ocrx_word' id='word_1_215' title='bbox 257 3675 332 3735; x_wconf 81' lang='lat' dir='ltr'>dico</span> <span class='ocrx_word' id='word_1_216' title='bbox 355 3675 445 3753; x_wconf 93' lang='lat' dir='ltr'>quod</span> <span class='ocrx_word' id='word_1_217' title='bbox 461 3675 570 3734; x_wconf 88' lang='lat' dir='ltr'>anima</span> <span class='ocrx_word' id='word_1_218' title='bbox 594 3674 766 3749; x_wconf 69' lang='lat' dir='ltr'>rationalis</span> <span class='ocrx_word' id='word_1_219' title='bbox 784 3684 815 3737; x_wconf 93' lang='lat' dir='ltr'>et</span> <span class='ocrx_word' id='word_1_220' title='bbox 839 3696 899 3757; x_wconf 92' lang='lat' dir='ltr'>pro</span> <span class='ocrx_word' id='word_1_221' title='bbox 916 3684 1001 3737; x_wconf 90' lang='lat' dir='ltr'>statu</span> <span class='ocrx_word' id='word_1_222' title='bbox 1020 3676 1083 3739; x_wconf 90' lang='lat' dir='ltr'>isto</span> <span class='ocrx_word' id='word_1_223' title='bbox 1106 3685 1138 3739; x_wconf 95' lang='lat' dir='ltr'>et</span> <span class='ocrx_word' id='word_1_224' title='bbox 1159 3692 1206 3757; x_wconf 90' lang='lat' dir='ltr'>pro</span> 
     </span>
    </p>
   </div>
   <div class='ocr_carea' id='block_1_5' title="bbox 0 0 1328 4267">
    <p class='ocr_par' dir='ltr' id='par_1_7' title="bbox 0 0 1328 4267">
     <span class='ocr_line' id='line_1_31' title="bbox 0 0 1328 4267; baseline 0 0"><span class='ocrx_word' id='word_1_225' title='bbox 0 0 1328 4267; x_wconf 95' lang='lat' dir='ltr'> </span> 
     </span>
    </p>
   </div>
  </div>
 </body>
</html>
