2634 4267
294 229 356 307 362
554 229 630 293 Lm.
655 230 686 293 11
710 229 1007 295 Ssursurnmuu

267 433 358 515 quod
381 454 438 516 per
461 434 688 516 poenitentiam
712 456 778 499 non
801 436 943 511 diluitur,
969 458 1049 500 mox
1069 458 1122 499 suo
1136 457 1210 519 pon·

268 541 344 603 dere
366 541 409 603 ad
431 541 520 603 aliud
543 540 652 604 trahit.

335 648 570 713 RESPONDm
588 648 650 711 Hic
673 658 749 711 sunt
765 659 906 731 quatuor
929 649 1080 713 videnda:
1095 650 1203 721 Primo,

267 754 294 816 si
317 753 419 817 homo
441 755 509 817 sine
532 755 637 837 gratia
659 755 759 837 gratis
782 757 859 819 data
893 757 997 837 possit
1020 778 1052 819 se
1074 756 1210 819 sufficien—

266 870 314 923 ter
329 862 501 943 disponere
512 862 554 924 ad
571 862 709 944 gratiam
726 872 857 944 gratum
871 861 1052 927 facientem.
1071 862 1211 935 Secundo,

266 968 291 1029 si
314 968 382 1030 sine
405 968 509 1051 gratia
533 977 664 1051 gratum
688 967 825 1031 faciente
847 969 949 1050 possit
986 971 1131 1032 mandata
1152 969 1202 1030 Dei

268 1074 410 1157 implere.
442 1076 557 1149 Tertia·
580 1076 605 1137 si
629 1096 688 1157 per
722 1076 860 1138 liberum
884 1076 1052 1139 arbitrium
1085 1076 1207 1157 possita

267 1191 402 1263 peccato
425 1202 600 1263 resurgere.
629 1180 762 1258 Quarta,
787 1183 829 1243 ad
853 1182 1029 1264 principale
1041 1182 1208 1264 quaesitum.

341 1393 565 1479 Ouantum
590 1396 655 1460 ad
666 1395 872 1477 pre‘mum
900 1396 974 1457 dico
1009 1397 1096 1477 quod
1119 1394 1211 1475 dispo-

268 1500 341 1563 sitio
364 1509 412 1563 est
434 1501 559 1582 duplex
583 1501 666 1564 sicut
688 1510 721 1563 et
755 1502 909 1583 potentia,
933 1521 964 1564 2.
989 1503 1028 1564 de
1050 1502 1162 1564 Anima
1182 1509 1209 1561 et

267 1627 298 1692 7.
322 1606 471 1688 Metaplz.
506 1607 567 1669 Est
589 1608 677 1670 enim
713 1608 881 1689 dispositio
910 1610 1094 1691 propinqua
1121 1617 1149 1671 et
1168 1628 1208 1669 re-

267 1724 362 1777 mota.
380 1713 414 1777 Si
437 1714 611 1795 loquamur
626 1715 668 1776 de
683 1714 892 1796 dispositione
908 1725 1029 1778 remota
1045 1716 1114 1778 dico
1134 1714 1211 1796 quod

267 1820 434 1901 supposita
458 1820 598 1901 generali
623 1822 768 1883 motione
791 1822 887 1903 primi
917 1819 1087 1897 moventis,
1110 1830 1213 1903 potest,

266 1927 342 2009 quia
364 1927 417 1989 illa
439 1927 607 2008 dispositio
630 1937 680 1989 est
704 1937 808 1993 rectus
833 1950 909 1991 usus
933 1921 1023 1991 liberi
1046 1929 1164 1992 arbitrii.
1181 1928 1211 1990 Si

266 2043 376 2096 autem
412 2033 584 2115 loquamur
614 2034 655 2095 de
686 2035 896 2115 dispositione
924 2037 1118 2119 propinqua,
1149 2035 1211 2095 dico

266 2141 356 2222 quod
381 2162 447 2203 non
470 2150 579 2223 potest
595 2140 663 2202 fieri
687 2142 755 2203 sine
778 2143 907 2224 speciali
925 2144 1070 2206 motione
1093 2142 1212 2224 Spiritus

267 2248 387 2321 Sancti,
413 2249 499 2310 unde
534 2248 569 2309 in
594 2248 649 2311 lib.
674 2249 713 2310 de
737 2250 857 2311 Eccles.
894 2250 1100 2331 dogmatibus
1121 2271 1143 2313 c.
1163 2267 1204 2329 25.

267 2356 392 2417 nullum
416 2354 577 2417 credimus
599 2355 642 2417 ad
666 2356 815 2429 salutem,
841 2356 899 2431 nisi
924 2357 998 2419 Deo
1018 2357 1156 2437 juvante,
1170 2376 1209 2416 ve·

179 2500 185 2519 1
268 2463 344 2525 nire.
371 2462 415 2523 Et
439 2462 632 2537 Bernardus,
669 2462 708 2523 de
731 2462 832 2525 libero
867 2464 1005 2525 arbitrio
1040 2464 1117 2525 dicit
1137 2462 1209 2545 quod

266 2568 369 2650 gratia
384 2568 506 2630 excitat
522 2568 658 2630 liberum
684 2569 853 2631 arbitrium
877 2579 1001 2632 etcum
1019 2572 1152 2643 seminat
1165 2570 1207 2631 bo·

266 2687 343 2737 nam
367 2676 608 2757 cogitationem,
644 2685 737 2738 sanat
771 2677 922 2739 effectum
946 2687 979 2739 et
1003 2678 1133 2740 roborat
1153 2697 1209 2759 gra-

266 2782 311 2843 tia
335 2791 370 2843 ut
393 2783 551 2863 perducat
573 2783 615 2843 ad
639 2792 762 2845 actum.

212 2972 219 2983 ’
336 2993 560 3079 Quantum
599 2996 664 3060 ad
692 2970 934 3062 secundum
972 2972 1203 3063 Articulum

264 3100 338 3162 dico
362 3101 451 3182 quod
476 3101 621 3182 impletio
646 3102 876 3164 mandatorum
902 3104 964 3166 Dei
988 3114 1096 3185 potest
1119 3100 1205 3166 intelli·

265 3206 299 3288 gi
322 3208 502 3289 dupliciter,
531 3208 607 3289 quia
630 3218 687 3270 aut
710 3218 870 3290 quantum
895 3211 937 3271 ad
960 3212 1131 3274 essentiam
1153 3227 1207 3291 ope·

265 3314 307 3374 ris
330 3323 469 3388 tantum,
493 3324 550 3376 aut
572 3325 734 3396 quantum
766 3317 807 3377 ad
831 3317 1003 3378 essentiam
1038 3318 1142 3399 operis
1161 3313 1201 3378 sub

264 3421 388 3483 ratione
411 3422 521 3484 salutis
543 3430 576 3483 et
599 3422 779 3484 secundum
803 3422 1016 3485 intentionem
1041 3424 1200 3505 praecipien-

263 3527 313 3589 tis
338 3528 454 3590 Primo
477 3528 577 3601 rnodcr,
603 3529 740 3590 liberum
765 3529 933 3591 arbitrium
957 3531 983 3591 si
1008 3551 1075 3593 non
1098 3540 1143 3593 est
1157 3547 1201 3591 cor·

264 3643 398 3713 ruptum
422 3656 480 3714 per
503 3644 674 3714 peccatum
700 3644 806 3716 potest
822 3635 1000 3719 adimplere
1025 3639 1203 3708 mandatum
1269 3688 1270 3697 ,
