2634 4267
268 248 331 310 208
535 245 610 308 Lm.
635 246 665 308 ΙΙ
690 244 985 308 Snnrsnrinnun

244 451 348 514 cundo
371 451 540 531 quomodo
562 471 597 512 se
620 449 762 512 habeant
793 449 835 511 ad
859 448 1022 530 potentias
1053 447 1118 510 sive
1147 437 1199 506 vir·

244 567 340 622 tutes,
371 557 474 620 Tertio
490 557 659 638 quomodo
683 577 718 618 se
741 555 884 618 habeant
907 555 1037 637 spiritus
1061 555 1101 617 ad
1124 551 1199 616 simi-

245 665 396 728 litudines
419 663 628 726 sensibilium.

316 769 484 847 Quantum
515 770 564 832 ad
585 769 735 852 primum
759 769 833 831 dico
865 769 957 849 quod
992 768 1120 850 spiritus
1142 764 1200 828 exi·

200 907 211 924 ·
247 887 367 941 stentes
389 876 422 939 in
445 897 571 959 organo
594 875 826 958 praedictarum
851 875 1021 948 virtutum,
1046 895 1108 937 non
1131 880 1200 934 sunt

247 1004 385 1066 corpora
400 983 554 1046 continua
577 1003 653 1045 cum
671 982 731 1044 illis
754 982 894 1066 organis
912 982 968 1044 sed
992 982 1151 1062 contigua,
1166 977 1200 1040 si·

248 1101 303 1154 cut
328 1099 417 1172 patet
433 1111 490 1172 per
513 1089 707 1152 sententiam
725 1089 921 1151 Aristotelis.
946 1089 1054 1150 Prima
1077 1106 1198 1170 genera·

247 1198 293 1260 tio
317 1197 488 1279 spirituum
512 1205 561 1258 est
577 1197 608 1258 in
633 1197 740 1269 corde,
765 1196 882 1260 deinde
905 1178 1198 1257 transmittuntura

248 1304 346 1366 corde
368 1304 410 1365 ad
427 1303 595 1365 cerebrum
620 1302 819 1366 transeundo
843 1323 900 1384 per
921 1302 1038 1364 duram
1063 1309 1197 1369 matrem,

249 1412 338 1493 quod
362 1430 428 1472 non
458 1419 541 1472 esset
564 1429 678 1472 verum
702 1409 728 1471 si
760 1417 866 1471 essent
897 1429 1036 1491 corpora
1058 1407 1198 1470 continua

248 1538 325 1581 cum
349 1517 497 1598 organis;
529 1516 673 1578 secundo
697 1517 771 1578 dico
794 1516 885 1597 quod
919 1524 994 1577 sunt
1019 1515 1129 1577 inillis
1156 1532 1198 1573 or-

250 1624 342 1706 ganis
366 1625 447 1686 sicut
470 1623 502 1684 in
527 1623 604 1685 locis
627 1623 659 1685 in
684 1623 803 1704 quibus
826 1631 1070 1696 conservantur,
1094 1630 1123 1682 et
1144 1619 1197 1681 hoc

250 1740 340 1812 patet
355 1731 431 1792 satis
455 1751 510 1811 per
531 1730 642 1794 Const.
668 1730 752 1792 clare
769 1730 804 1792 in
822 1728 876 1792 lib.
893 1729 933 1791 de
948 1729 1132 1810 differentia
1144 1723 1198 1807 spi·

250 1838 337 1900 ritus
359 1847 391 1899 et
412 1837 543 1900 animce.

321 1942 489 2019 Quantum
512 1943 561 2005 ad
579 1943 754 2005 secundum
781 1943 969 2023 principale
999 1942 1032 2004 in
1057 1943 1115 2004 isto
1135 1936 1198 2000 arti-

233 2051 335 2125 -culo,
360 2050 433 2112 dico
464 2051 553 2130 quod
577 2049 712 2111 virtutes
743 2049 925 2112 secundum
958 2049 991 2110 id
1016 2048 1104 2130 quod
1125 2053 1196 2115 sunt,

251 2179 317 2220 non
334 2165 408 2219 sunt
432 2155 547 2218 formae
564 2156 736 2237 spirituum
754 2156 811 2218 sed
827 2137 1040 2237 organorum,
1058 2155 1197 2236 quianon
1280 2133 1281 2148 ¹

251 2273 299 2326 est
315 2263 513 2344 intelligibile
536 2263 625 2343 quod
643 2283 746 2324 unum
763 2271 795 2325 et
811 2263 898 2324 idem
922 2262 963 2324 sit
980 2283 1038 2344 per
1062 2283 1095 2324 se
1110 2259 1198 2322 forma
1280 2323 1281 2344 χ

208 2442 213 2454 .
252 2372 394 2432 duorum
411 2369 702 2443 discontinuorum,
720 2368 776 2430 sed
800 2388 924 2451 organa
940 2377 972 2430 et
996 2369 1123 2450 spiritus
1137 2371 1199 2427 sunt

253 2477 466 2538 discontinua.
492 2475 577 2539 Cum
594 2496 673 2556 ergo
697 2476 832 2537 virtutes
855 2460 918 2537 sint
942 2474 1058 2537 lormae
1074 2490 1199 2556 *organo-

254 2604 326 2645 rum
351 2603 416 2644 non
441 2591 578 2663 possunt
601 2602 670 2644 esse
694 2581 809 2644 lormae
834 2581 1018 2663 spirituum.

325 2689 492 2764 Quantum
516 2689 564 2750 ad
577 2689 708 2751 tertium
727 2689 913 2769 principale
931 2689 964 2749 in
989 2687 1057 2751 isto¹
1075 2683 1200 2750 secundo

253 2777 497 2869 articu10,'di00
520 2796 611 2876 quod
634 2796 704 2857 istae
725 2777 949 2857 similitudines
972 2795 1165 2857 sensibilium
1177 2810 1201 2850 a·

254 2903 297 2965 lio
322 2904 421 2964 mo'do
452 2923 486 2964 se
510 2902 632 2963 habent
661 2903 704 2963 ad
728 2923 861 2983 organa,
893 2911 926 2964 et
948 2901 1012 2963 alio
1046 2901 1142 2964 modo
1168 2895 1201 2958 ad

254 3010 341 3090 ipsos
361 2989 500 3090 spiritus.
519 3010 555 3070 In
580 3009 711 3090 organis
726 3009 813 3071 enirn
837 3029 871 3071 se
887 3008 1009 3071 habent
1033 3009 1114 3070 sicut
1129 3005 1201 3068 color

254 3117 296 3178 ad
313 3116 420 3196 ipsum
445 3136 563 3196 corpus
579 3117 771 3189 coloratum,
796 3115 873 3196 quia
889 3116 971 3177 sicut
994 3136 1112 3196 corpus
1133 3111 1202 3174 colo

257 3231 364 3284 ratum
388 3220 581 3283 informatur
604 3223 722 3296 colore,
748 3223 791 3284 ita
808 3243 932 3303 organa
956 3220 1164 3284 informantur
1177 3216 1202 3276 il-

257 3329 294 3390 lis
317 3329 589 3390 similitudinibus
615 3329 676 3390 Ad·
698 3329 829 3410 spiritus
861 3338 971 3392 autem
997 3350 1031 3391 se
1055 3329 1167 3391 habent
1186 3322 1202 3382 i·

257 3444 316 3497 stae
333 3435 557 3496 similitudines
573 3434 656 3497 sicut
672 3436 794 3517 species
811 3436 927 3499 coloris
943 3435 985 3496 ad
1009 3456 1125 3506 aerem,
1141 3429 1202 3512 quia

257 3543 339 3604 sicut
371 3550 515 3603 cessante
539 3563 675 3622 corpore
706 3543 851 3604 colorato
875 3551 977 3604 cessat
1011 3543 1137 3625 spiritus
1157 3535 1201 3618 qui

257 3657 327 3709 erat
350 3647 381 3707 i‘n
406 3668 487 3718 aere,
505 3648 550 3708 ita
573 3658 719 3710 cessante
743 3650 849 3728 specie
865 3670 940 3730 quae
964 3659 1013 3712 est
1037 3651 1069 3711 in
1086 3663 1200 3729 organo

258 3760 363 3812 cessat
385 3751 562 3812 similitudo
585 3773 660 3830 quae
685 3762 733 3814 est
757 3754 789 3814 in
813 3755 936 3834 spiritu.
