2634 4267
271 274 337 335 400
527 258 601 321 Lln.
627 258 656 319 11
672 258 978 321 ‘Senrnnrranuu

315 462 487 535 Praeterea,
513 462 706 525 Aristoteles
724 482 759 541 J.
783 462 886 544 Pltys.
911 463 1017 543 aliqua
1048 462 1139 523 actio
1162 472 1209 521 est

249 570 291 632 ab
307 578 425 651 agente
442 570 473 631 in
498 590 641 651 passum,
654 579 687 631 et
703 579 781 631 tunc
804 591 920 651 quaero
936 570 977 631 de
999 590 1062 650 qua
1083 569 1213 630 actione
1275 569 1277 614 l

251 676 411 758 loquitur;
428 685 484 737 aut
500 677 541 737 de
557 676 685 739 actione
700 697 775 757 quae
799 685 848 737 est
864 677 1168 757 praedicamentum,
1181 682 1212 733 et
1275 705 1277 748 ;

251 783 313 844 hoc
338 802 402 845 non
427 792 491 844 stat
522 802 597 843 cum
622 783 716 844 dictis
731 783 797 844 suis
820 784 898 864 quia
915 783 993 843 illud
1015 782 1107 863 quod
1140 800 1212 861 pro-

250 888 336 951 cedit
348 888 389 949 ab
405 900 524 970 agente
540 889 572 951 in
589 910 722 971 passum
740 889 887 969 procedit
901 890 1061 950 mediante
1075 886 1211 958 actione·
1275 887 1277 960 ξ

249 994 386 1057 actionis
402 1005 512 1078 autem
530 1016 595 1058 non
611 1004 660 1057 est
675 996 761 1058 actio
777 1006 813 1058 ut
825 996 984 1057 terminus
994 1018 1034 1057 er
1041 1014 1077 1077 5.
1092 992 1211 1072 Phys„-

250 1123 331 1184 ergo
354 1102 498 1183 loquitur
522 1103 562 1163 de
586 1103 715 1164 actione
738 1103 842 1164 elicita
865 1113 899 1164 et
922 1124 979 1185 per
1013 1118 1211 1181 consequens
1275 1129 1277 1166 3

251 1208 336 1270 actio
359 1218 407 1269 est
430 1209 565 1290 duplex,
591 1210 711 1271 scilicet
733 1210 818 1277 actio
840 1210 946 1271 elicita
970 1219 1002 1271 et
1028 1208 1116 1269 actio
1138 1226 1212 1288 prae·
1275 1199 1277 1202 ’

252 1315 401 1377 dicativa.

320 1417 494 1488 Secunda
517 1418 707 1493 distinctae
737 1432 785 1484 est
808 1423 898 1503 quod
934 1422 1018 1484 actio
1040 1420 1148 1483 elicita
1170 1417 1210 1477 di-

252 1529 381 1601 viditur,
406 1528 482 1609 quia
506 1530 659 1609 quaedam
685 1538 734 1591 est
756 1531 841 1591 actio
865 1530 971 1591 elicita
992 1527 1206 1590 fundamenta·

253 1636 332 1706 liter,
370 1636 525 1715 quaedam
550 1635 727 1697 formaliter
750 1657 790 1698 eo
808 1638 907 1698 modo
931 1656 1000 1717 quo
1023 1632 1145 1714 aliquid
1167 1630 1208 1689 di-

252 1743 335 1803 citur
359 1742 461 1802 simile
484 1741 779 1815 fundamentaliter,
796 1744 846 1803 vel
863 1742 1049 1805 formaliter.
1068 1742 1113 1802 Et
1129 1737 1205 1799 actio

252 1849 357 1909 elicita
381 1848 666 1911 fundamentaliter
690 1850 788 1911 habet
811 1851 895 1911 duos
919 1858 1097 1930 respectus:
1112 1862 1201 1906 unum

252 1956 294 2016 ad
318 1976 419 2035 agens
443 1965 475 2017 et
498 1957 597 2017 alium
622 1957 664 2017 ad
689 1978 834 2037 passum.

324 2058 357 2127 T
351 2060 446 2127 ertia
469 2060 659 2129 dissimili)
691 2073 739 2125 est
763 2064 852 2144 quod
880 2064 1035 2143 quaedam
1058 2070 1107 2123 est
1128 2056 1202 2119 actio

255 2170 448 2239 immanere
476 2178 507 2230 et
532 2170 686 2249 quaedam
710 2179 758 2231 est
781 2170 866 2231 actio
901 2171 1066 2231 transiens
1089 2187 1143 2248 per
1163 2162 1201 2223 Α·

254 2276 430 2337 ristotelem
456 2294 484 2336 Ι.
512 2274 620 2337 Etltic.
646 2286 678 2337 et
701 2296 732 2359 9.
769 2276 915 2357 Metaplt.
949 2277 994 2337 Et
1019 2285 1095 2337 nota
1124 2268 1199 2351 q110d

254 2383 389 2443 transire
413 2383 444 2443 in
468 2383 662 2444 exteriorem
688 2384 856 2445 materiam
881 2392 989 2464 potest
1013 2378 1141 2460 intelligi
1155 2376 1203 2435 du-

255 2488 387 2569 pliciter.
414 2488 492 2550 Uno
510 2490 609 2549 modo
625 2490 828 2569 formaliter,
849 2498 881 2550 et
905 2490 964 2550 iste
987 2497 1035 2549 est
1058 2486 1149 2548 falsus
1162 2482 1199 2540 in-

254 2596 409 2665 tellectu5‚
435 2596 511 2674 quia
535 2596 619 2657 actio
643 2617 709 2657 non
735 2597 854 2677 migrat
877 2618 896 2657 a
920 2596 1068 2676 subjecto
1089 2594 1119 2653 in
1141 2588 1200 2650 sul>-
1275 2582 1277 2585 ’

253 2702 377 2781 jectum
403 2700 588 2763 formaliter.
614 2701 693 2763 Alio
718 2703 818 2763 modo
842 2703 1035 2764 virtualiter
1057 2702 1128 2784 quia
1148 2694 1198 2755 vir·

255 2817 325 2869 tute
361 2808 486 2888 agentis
510 2809 624 2889 aliquis
648 2810 805 2870 terminus
836 2809 1027 2889 producitur
1058 2817 1143 2873 extra
1162 2800 1198 2879 ip·

255 2935 326 2975 sum
346 2924 377 2975 et
402 2914 453 2977 hic
477 2924 525 2975 est
541 2936 636 2977 verus
661 2916 849 2977 intellectuS.
873 2924 876 2930 '

326 3017 474 3105 Quarta
497 3019 687 3088 dt'ste'nctr'o
710 3023 800 3102 quod
835 3032 999 3103 respectus
1023 3032 1072 3085 est
1093 3015 1194 3098 duplex

256 3128 375 3188 scillcet
400 3128 594 3189 intrinsecus
621 3138 652 3189 et
676 3130 874 3191 extrinsecus
900 3130 1086 3191 adveniens
1106 3126 1144 3187 Et
1162 3117 1196 3179 dl

257 3234 339 3295 citur
376 3243 539 3313 respectus
575 3235 769 3295 intrinsecus
803 3236 979 3297 adveniens
1010 3236 1065 3318 qui
1088 3222 1194 3304 exurgit

256 3360 299 3400 ex
336 3349 450 3400 natura
485 3341 698 3402 terminorum
734 3340 1003 3423 qualitercunque
1038 3341 1193 3423 positorum
1275 3424 1277 3430 y

257 3467 333 3506 cum
369 3446 575 3509 distinctione
611 3456 757 3527 respectu
793 3448 938 3528 ipsorum
974 3442 1192 3519 circumscripto

257 3552 347 3612 omni
372 3573 469 3631 opere
492 3554 681 3615 intellectus,
716 3555 895 3634 Respectus
926 3565 1037 3616 autem
1061 3550 1193 3617 extrinse-

257 3677 313 3716 cus
336 3656 510 3718 adveniens
534 3668 581 3719 est
606 3660 659 3738 qui
685 3680 750 3720 non
775 3660 819 3721 sic
842 3661 974 3742 exurgit
998 3662 1114 3723 statim.
