2634 4267
360 267 545 329 Drsrrne'r.
573 268 638 329 ΧΧ
663 266 849 348 QuAEsr.l
1008 282 1067 344 311

127 481 363 537 restaurantur.
388 440 594 535 Menstruum
617 482 727 536 autem
763 472 799 534 fit
835 472 968 535 materia
992 472 1096 535 carnis

128 590 163 643 et
185 580 396 662 pinguedinis
417 589 451 642 et
472 601 586 642 eorum
610 601 686 662 quae
710 588 847 662 possunt
870 579 1049 641 restaurari.

201 682 406 772 Quantum
444 683 498 754 ad
536 690 702 773 sextum,
744 688 836 768 ponit
878 684 1095 766 Philosophus

128 812 152 877 9
175 795 216 857 de
239 793 452 865 animalibus,
480 795 663 876 quodcum
680 794 790 856 omnia
805 793 957 855 animalia
974 792 1096 854 habent

41 919 46 929 ·
128 909 259 963 certum
275 908 406 981 tempus
421 900 565 981 pariendi
582 909 723 981 excepto
744 899 884 973 homine,
909 899 985 980 quia
1009 918 1096 979 quae-

129 1009 210 1070 dam
227 1006 411 1087 parturiunt
426 1006 458 1068 in
475 1006 614 1088 septimo
631 1027 750 1079 mense,
772 1007 927 1088 quaedam
944 1005 975 1066 in
997 1025 1094 1077 nono,

129 1114 288 1196 quaedam
315 1133 392 1174 vero
423 1113 587 1175 multoties
617 1113 739 1175 intrant
770 1112 979 1175 undecimum
1005 1131 1095 1172 men·

128 1241 211 1294 sem,
236 1220 318 1282 sicut
342 1220 453 1281 recitat
476 1220 649 1282 Avicenna
673 1239 705 1303 9.
730 1220 769 1282 de
792 1218 1002 1281 animalibus.
1025 1217 1097 1279 Phi-

130 1325 290 1408 losophus
313 1347 389 1387 vero
412 1326 490 1388 dicit
513 1345 545 1407 9.
568 1327 608 1388 de
633 1325 846 1399 animalibus,
872 1326 961 1407 quod
989 1326 1098 1421 plures
1135 1412 1148 1433 ·

129 1432 338 1514 decipiuntur
362 1432 510 1494 mulieres
533 1433 700 1494 credentes
723 1453 756 1494 se
780 1453 848 1494 esse
864 1432 1094 1512 impregnatas,

130 1548 163 1601 et
186 1559 286 1601 causa
309 1538 406 1620 hujus
436 1547 484 1600 est
513 1539 590 1620 quia
621 1540 742 1601 matrix
773 1540 938 1601 interdum
962 1536 1096 1599 attrahit

131 1646 302 1729 proprium
326 1666 464 1732 sperma,
484 1655 517 1707 ct
540 1646 661 1708 claudit
677 1666 710 1707 se
731 1666 826 1726 super
850 1645 938 1717 illud,
961 1652 994 1707 et
1017 1652 1096 1705 tunc

132 1752 247 1815 mulier
271 1760 366 1833 putat
388 1772 422 1813 se
445 1752 694 1839 impregnatam.
716 1740 809 1814 Tunc
833 1752 857 1813 si
882 1751 1094 1833 postmodum

132 1868 244 1921 utatur
279 1858 357 1926 viro,
383 1868 515 1920 evomat
549 1879 678 1939 sperma
717 1860 881 1932 clausum,
917 1866 949 1919 et
983 1856 1096 1937 recipit

131 1986 262 2047 sperma
293 1964 351 2026 viri
383 1964 469 2026 unde
504 1950 772 2047 impregnabitur‚
804 1973 836 2027 et
867 1973 945 2025 tunc
981 1963 1095 2024 mulier

131 2072 292 2153 decipitur
316 2071 348 2132 in
375 2072 629 2152 computatione,
654 2072 730 2153 quia
761 2072 872 2153 incipit
904 2079 1095 2151 computare

122 2176 149 2240 'a
171 2188 323 2259 tempore
345 2198 412 2259 quo
436 2176 496 2239 fuit
522 2179 669 2239 clausum
700 2199 829 2259 sperma
860 2177 1038 2258 proprium,
1063 2184 1096 2237 et

130 2306 196 2348 non
221 2306 242 2346 a
265 2293 412 2365 tempore
435 2305 502 2366 quo
526 2285 638 2366 recipit
654 2269 792 2366 sperma
815 2285 913 2347 virile.

199 2391 269 2455 Sea
288 2391 423 2453 dubiam
446 2382 501 2465 est}
526 2413 626 2473 quare
642 2401 737 2454 natus
754 2393 785 2453 in
802 2387 941 2473 septimo
957 2401 989 2452 et
1005 2410 1094 2451 nono

129 2520 244 2561 mense
274 2498 362 2572 vivit,
393 2498 425 2560 in
457 2507 573 2560 octavo
604 2520 681 2561 vero
713 2520 788 2561 non.
815 2500 858 2560 Et
887 2498 1093 2578 assignantur

127 2608 207 2669 duae
232 2604 380 2666 rationes.
404 2605 523 2667 Prima
550 2616 597 2667 est
619 2605 768 2686 physica,
797 2606 885 2667 talis:
911 2605 986 2686 quia
1015 2624 1095 2685 puer

127 2713 274 2775 existens
308 2711 340 2773 in
376 2720 467 2773 utero
502 2713 719 2774 communiter
754 2713 786 2774 in
822 2712 960 2793 septimo
985 2730 1095 2771 mense

128 2818 213 2901 petit
235 2818 373 2891 exitum,
408 2827 441 2879 et
475 2818 500 2879 si
535 2819 678 2880 inveniat
712 2818 838 2881 facilem
874 2819 1000 2880 exitum
1029 2837 1094 2878 non

128 2925 273 2988 inveniet
297 2924 471 2998 laesionem‚
496 2934 534 3011 et⁴
551 2925 646 3001 vivit;
672 2926 697 2987 si
720 2937 830 2988 autem
855 2926 996 2987 inveniat
1019 2924 1093 2987 obs-

128 3031 277 3094 taculum
301 3031 620 3112 recipiet'laesionem
652 3042 684 3095 et
716 3043 891 3095 revertetur
919 3034 960 3094 ad
984 3033 1093 3093 locum

128 3137 311 3220 proprium.
337 3137 370 3200 Si
394 3118 506 3199 autem
528 3139 631 3200 exibit
666 3140 697 3201 in
733 3149 849 3202 octavo
875 3160 993 3213 mense,
1018 3139 1093 3219 quia

128 3265 196 3307 non
220 3252 268 3305 est
292 3243 376 3305 facta
399 3245 523 3306 curatio
546 3266 565 3306 a
589 3246 730 3320 laesione‚
756 3247 909 3321 moritur;
934 3247 959 3308 si
983 3254 1093 3307 autem

129 3351 272 3413 tardabit
297 3351 463 3431 usquead
488 3372 612 3412 nonum
637 3373 793 3425 mensem,
817 3353 893 3433 quia
921 3353 952 3414 in
977 3360 1094 3413 octavo

130 3457 216 3529 sacta
239 3466 288 3519 est
311 3457 435 3519 curatio
469 3479 489 3519 a
526 3458 666 3532 laesione,
703 3459 775 3520 ideo
809 3460 911 3521 exibit
942 3478 1038 3520 sanus
1061 3466 1094 3519 et

129 3564 226 3626 vivet.
251 3599 297 3610 —
319 3563 400 3624 Alia
422 3575 470 3626 est
492 3566 576 3627 ralia
600 3565 841 3638 mathematica,
859 3566 936 3648 quia
959 3565 991 3626 in
1015 3542 1094 3644 quo·

130 3671 208 3734 libet
246 3680 395 3751 tempore
433 3671 700 3753 impregnationis
739 3673 925 3735 dominatur
964 3672 1094 3752 planeta
