2634 4267
244 240 304 302 142
505 222 580 292 Lus.
606 223 636 285 11
660 221 955 288 Soureumnnun

217 429 487 512 mentum‚·»·quia
502 427 786 492 nonimmutatur
810 429 918 512 primo
941 429 1000 492 nisi
1024 427 1057 492 in
1082 430 1191 512 phan-

214 536 353 599 tasiabili
376 557 418 599 ex
436 553 470 616 3.
495 536 534 598 de
556 534 709 609 Animo;
735 534 799 598 hoc
823 545 934 598 autem
967 537 1189 619 impedimen-

217 651 291 707 t'um
315 664 380 706 non
404 652 454 706 est
477 642 509 705 in
533 643 663 724 angelo.

284 750 343 812 Ad
361 749 548 821 secundum,
585 758 693 831 potest
724 749 831 834 primo
862 748 1048 831 simpliciter
1072 750 1189 832 negari

218 858 336 930 minor,
364 857 440 938 quia
463 856 626 938 singulare
658 876 734 918 curn
767 876 824 938 per
848 875 881 918 se
912 855 1058 919 includat
1090 856 1189 918 ratio-

216 979 293 1028 nem
317 963 400 1026 entis
423 963 513 1044 quod
543 972 593 1026 est
623 963 767 1044 primum
803 962 970 1043 objectum
1002 962 1189 1024 intellectus
1299 1003 1300 1040 g

218 1071 328 1144 nostri,
353 1070 471 1152 poterit
494 1089 552 1151 per
574 1089 608 1131 se
631 1068 776 1150 intelligi,
801 1069 891 1150 quod
916 1069 941 1130 si
974 1089 1039 1130 non
1071 1068 1190 1131 intelli-
1299 1069 1300 1120 i

217 1177 314 1259 gitur,
339 1177 403 1239 hoc
426 1186 474 1239 est
498 1185 630 1258 propter
661 1173 825 1238 desectum
858 1175 1039 1238 intellectus
1070 1175 1188 1254 nostri,

216 1284 274 1366 qui
297 1294 408 1347 tamen
432 1281 577 1346 defectus
600 1302 666 1344 non
691 1281 849 1364 reperitur
871 1282 904 1343 in
928 1282 1057 1364 angelo.
1076 1281 1187 1344 Aliter

216 1389 336 1453 dicitur
359 1389 449 1472 quod
472 1389 581 1451 minor
603 1399 653 1453 est
677 1387 756 1450 salsa
779 1389 820 1450 de
851 1388 1005 1470 singulari
1037 1388 1189 1450 immate-

202 1497 296 1582 riali,
321 1517 397 1558 vera
419 1504 529 1558 autem
555 1496 596 1557 de
619 1495 773 1577 singulari
799 1494 964 1556 materiali.

223 1642 227 1648 ·
285 1604 344 1666 Ad
363 1603 494 1666 tertium
521 1601 596 1664 dico
618 1603 702 1664 sicut
725 1603 766 1664 ad
791 1602 944 1684 primum.

285 1711 344 1772 Ad
363 1721 528 1791 quortmn,
558 1719 698 1791 negetur
729 1711 836 1792 mayor
858 1705 884 1771 si
915 1708 1104 1790 simpliciter
1136 1729 1190 1770 su-

218 1817 328 1891 mitur,
349 1817 425 1898 quia
448 1816 592 1898 sequitur
609 1816 699 1898 quod
716 1816 897 1878 intellectus
912 1823 996 1878 esset
1011 1815 1090 1876 nihil
1106 1835 1186 1876 curn

218 1922 428 2005 intelligendo
451 1922 605 2005 reciperet
628 1943 686 1984 ens
708 1931 741 1984 et
764 1923 985 1985 denudaretur
1016 1921 1058 1983 ab
1090 1930 1186 1996 ente;

217 2032 306 2093 unde
328 2032 388 2092 ista
412 2030 516 2110 major
540 2039 648 2111 potest
671 2030 805 2092 concedi
838 2029 871 2091 in
902 2027 1056 2109 potentiis
1088 2049 1186 2110 orga-

219 2137 306 2211 nicis,
331 2147 441 2200 tamen
466 2136 528 2198 hoc
553 2136 666 2198 habito
689 2136 779 2217 quod
803 2135 843 2198 sit
865 2133 1013 2216 potentia
1045 2155 1112 2196 non
1136 2155 1187 2196 or-

219 2245 344 2325 ganica,
369 2265 435 2306 non
458 2252 588 2325 oportet
611 2243 716 2323 ipsam
740 2263 809 2304 esse
832 2241 896 2304 tale
927 2241 1053 2302 realiter
1087 2240 1187 2321 quale

217 2360 276 2425 est,
293 2351 386 2431 cujus
401 2350 498 2412 debet
510 2369 578 2411 esse
594 2349 806 2430 receptivum,
823 2348 907 2411 sicut
922 2356 971 2410 est
988 2347 1185 2409 intellectus,

564 2571 742 2654 Quffisrto
756 2571 810 2632 Ν11.

287 2732 443 2814 Sequitur
457 2731 567 2794 videre
582 2731 621 2793 de
635 2729 816 2812 cognitione
828 2728 1020 2811 angelorum
1027 2739 1091 2810 per
1100 2749 1186 2791 com-

211 2840 420 2921 parationem
443 2839 492 2901 od
511 2859 561 2900 res
583 2848 718 2900 creatas.
744 2836 893 2900 Etcirca
916 2834 974 2898 lzoc
988 2846 1188 2917 queruntur

219 2947 291 3010 dito.
316 2946 453 3010 Primo:

272 3103 380 3160 Utrum
397 3104 435 3158 orl
452 3103 505 3158 hoo
522 3103 598 3171 quod
615 3101 736 3169 angelus
754 3101 887 3156 dlstlnoto
910 3099 1016 3169 spoolos
1036 3101 1189 3156 ereatura·

218 3199 285 3248 rum
302 3193 375 3248 allas
393 3208 411 3247 a
429 3207 459 3248 se
476 3193 634 3259 eognoscat,
653 3191 823 3258 requiratur
840 3189 999 3246 neeessarlo
1016 3189 1094 3257 quod
1121 3203 1186 3257 poo-

218 3282 296 3350 prins
313 3285 343 3337 et
360 3282 509 3337 illstlnotas
527 3282 653 3336 rationes
671 3280 854 3346 eognosoenrll
873 3295 922 3334 eas
939 3277 1057 3336 habeat.

287 3427 426 3490 Videtur
449 3427 539 3508 quod
563 3447 639 3500 non,
665 3425 741 3506 quia
765 3425 855 3506 quod
872 3421 1017 3486 continet
1040 3422 1186 3486 virtuali-

218 3540 269 3596 ter
292 3533 379 3595 aliud
402 3543 451 3596 est
475 3533 555 3594 ratio
586 3531 806 3614 cognoscendi
838 3531 956 3613 ipsum,
986 3529 1071 3593 sicut
1095 3538 1186 3612 patet

219 3639 263 3700 de
285 3640 421 3701 essentia
444 3639 569 3714 divina;
594 3640 650 3700 sed
674 3638 810 3700 essentia
832 3637 939 3719 angeli
963 3637 1111 3700 continet
1125 3635 1188 3699 vir-
