2634 4267
248 299 260 344 ι
268 294 311 357 34
398 281 403 294 '
489 277 564 339 Lus.
589 277 618 339 11
643 275 939 340 Seureurmmuu

221 483 463 548 distinctionem
488 482 617 564 objecti,
641 490 713 544 tum
738 482 816 563 quia
839 501 904 543 non
920 489 1005 543 esset
1022 475 1195 562 imperfecss

220 590 285 654 tior
307 591 481 654 intellectio
505 589 703 671 perfectioris
726 588 935 670 intelligibilis
947 587 1057 669 posito
1070 589 1192 669 aequali
1291 648 1297 659 ,

219 705 342 760 conatu
365 717 409 759 ex
432 705 525 778 parte
548 695 715 778 potentiae,
739 703 772 756 et
795 695 841 757 sic
865 715 931 756 non
954 703 1040 756 esset
1063 693 1192 776 perfec·

221 802 286 866 tior
309 802 483 865 intellectio
506 801 568 864 Dei
591 822 693 883 quam
725 821 858 873 muscae,
884 800 974 882 quod
998 809 1048 862 est
1072 810 1190 863 contra

222 909 410 991 Philosoph.
435 928 487 974 10.
513 907 623 971 Ethic.
648 916 827 989 ponentem
845 905 1033 969 felicitatem
1058 907 1092 968 in
1115 928 1194 988 spe-

221 1016 385 1079 culatione
409 1015 488 1090 Dei;
513 1023 585 1077 tum
609 1015 686 1097 quia
709 1023 789 1076 tunc
813 1023 898 1076 esset
921 1011 1047 1075 infinita
1078 1014 1194 1076 activi-

221 1132 273 1186 tas
296 1123 328 1184 in
352 1123 515 1184 intellectu
541 1122 573 1184 in
597 1127 761 1203 quantum
785 1130 870 1183 esset
894 1121 1019 1183 activus
1036 1129 1189 1202 respectu
1298 1157 1300 1160 -

222 1229 372 1292 omnium
396 1227 666 1310 intelligibilium;
690 1227 768 1309 quia
791 1228 832 1289 ad
866 1247 968 1289 unam
1000 1227 1193 1289 intellectio-

187 1383 192 1404 ,
222 1355 298 1398 nem
322 1334 494 1415 requiritur
517 1335 579 1396 alia
602 1333 758 1416 perfectio
781 1333 812 1396 in
837 1353 946 1407 causa,
971 1354 1047 1414 quae
1072 1333 1113 1394 sit
1145 1353 1194 1394 re-

222 1450 336 1524 spectu
352 1441 484 1504 alterius
504 1441 738 1514 intellectioniS,
766 1451 799 1504 et
822 1441 867 1504 sic
894 1441 1041 1503 continet
1067 1441 1194 1502 virtua-

223 1549 294 1612 liter
318 1547 529 1630 perfectiones
552 1569 725 1611 causarum
749 1549 967 1630 propriarum,
992 1557 1025 1610 et
1058 1547 1102 1609 ita
1136 1548 1193 1609 ha·

223 1656 304 1718 bens
328 1655 468 1718 infinitas
499 1655 702 1718 causalitates
732 1665 880 1736 respectu
912 1653 1112 1716 infinitarum
1146 1655 1193 1715 in-

222 1762 446 1825 tellectionum
462 1771 511 1824 est
534 1761 708 1824 infinitum.
1087 1827 1090 1834 Ι

292 1867 438 1949 Qualiter
450 1879 560 1931 autem
574 1870 644 1930 istae
652 1869 729 1931 duae
743 1889 849 1930 causae
859 1876 1064 1940 concurrant,
1078 1868 1195 1930 distin·

222 1996 291 2058 guo
314 1977 355 2037 de
384 1975 531 2056 pluribus
558 1977 645 2038 causi
675 1975 941 2037 concurrentibus
977 1974 1018 2036 ad
1047 1974 1192 2036 eundem

222 2081 388 2157 effectum,
412 2083 489 2164 quia
513 2083 667 2164 quaedam
688 2091 887 2144 concurrunt
909 2102 952 2143 ex
976 2102 1074 2162 aequo
1103 2081 1192 2144 sicut

223 2191 293 2252 duo
315 2190 481 2252 trahentes
515 2210 619 2251 unum
651 2190 792 2270 pondus„
825 2189 979 2271 quaedam
1011 2208 1089 2250 vero
1120 2208 1191 2250 non

222 2314 266 2360 ex
290 2317 388 2377 aequo
411 2297 468 2358 sed
480 2297 661 2358 secundum
678 2296 836 2368 ordinem,
861 2305 893 2404 pt
917 2295 981 2357 hoc
1004 2293 1189 2376 dupliciter,

222 2404 274 2465 vel
299 2403 343 2464 sic
366 2403 457 2483 quod
480 2402 611 2465 inferior
636 2411 808 2465 moveatur
832 2423 851 2464 a
874 2402 1049 2484 superiore,
1074 2411 1107 2464 et
1139 2419 1196 2474 re<

223 2510 322 2591 cipiat
345 2510 499 2572 virtutem
525 2511 683 2572 motivam
715 2531 734 2571 a
758 2510 924 2590 superiore
954 2509 1038 2571 sicut
1068 2529 1191 2572 manus

223 2625 336 2678 movet
358 2616 512 2677 baculum
536 2637 612 2679 cum
636 2638 704 2698 quo
721 2626 833 2679 movet
853 2616 1005 2697 lapidem.
1021 2615 1189 2696 Quaedam

221 2743 300 2784 vero
324 2731 522 2784 concurrunt
544 2724 724 2786 secundum
757 2724 904 2786 ordinem
930 2743 995 2784 non
1020 2723 1110 2804 quod
1135 2744 1191 2784 su-

222 2829 329 2911 perior
354 2838 485 2891 moveat
501 2828 693 2904 inferiorem,
719 2851 778 2892 nec
794 2831 884 2912 quod
908 2830 964 2892 det
979 2829 1008 2892 ei
1032 2830 1190 2892 virtutem

222 2934 343 3016 agendi
367 2933 601 3015 perfectiorem,
625 2937 682 2997 sed
706 2937 850 3017 superior
874 2937 914 2998 de
937 2957 971 2998 se
995 2935 1095 2999 habet
1113 2957 1190 3016 per-

223 3040 390 3103 fectiorem
415 3041 568 3104 virtutem
593 3043 712 3124 agendi
746 3064 846 3125 quam
883 3042 1022 3116 inferior,
1055 3052 1088 3106 et
1110 3042 1191 3105 infe-

222 3149 287 3209 rior
312 3147 409 3210 habet
443 3148 731 3230 imperfectiorem;
757 3151 838 3212 sicut
854 3149 936 3212 forte
959 3158 1010 3212 est
1031 3152 1072 3212 de
1096 3159 1194 3231 patre

221 3264 255 3317 et
280 3264 383 3316 matre
410 3265 556 3336 respectu
585 3257 693 3338 prolis,
718 3266 750 3319 et
785 3257 838 3319 illo
863 3257 962 3318 modo
987 3267 1190 3319 concurrunt

223 3362 285 3422 illae
307 3362 382 3423 duae
406 3383 524 3436 causae,
549 3364 625 3444 quia
654 3374 768 3426 neutra
792 3364 859 3425 sine
893 3364 994 3425 altera
1018 3373 1126 3445 potest
1156 3366 1189 3427 in
1296 3371 1297 3396 l

222 3468 373 3530 effectum
406 3470 549 3530 totalem.
580 3471 625 3533 Et
648 3471 673 3531 si
702 3491 829 3551 quaeras
860 3491 935 3552 quae
959 3471 1000 3532 sit
1024 3472 1191 3554 principa-

222 3575 292 3646 lior,
317 3574 390 3636 dico
422 3573 511 3656 quod
535 3577 725 3650 intellectus
750 3587 820 3652 tum
845 3578 922 3658 quia
945 3577 1126 3642 intellectus
1140 3591 1193 3644 est

222 3680 410 3754 illimitatuS,
447 3681 612 3762 objectum
648 3703 725 3746 vero
760 3705 843 3760 non;
878 3693 950 3746 tum
982 3687 1060 3768 quia
1096 3689 1193 3752 intel·
