2634 4267
384 258 572 323 Drsrrucr.
596 260 610 321 Ι
635 257 782 339 QuAEsr.
806 259 836 321 11
1039 278 1078 340 19

134 473 248 545 genter
274 484 309 525 se
334 462 453 525 habeat
476 463 517 524 ad
549 463 754 526 existentiam
789 466 950 526 actualem
974 475 1007 527 et
1030 486 1095 527 non

132 572 307 644 actualem,
332 579 365 632 et
389 580 425 631 ut
448 570 493 631 sic
516 591 582 631 non
606 579 654 631 est
679 571 824 633 medium
853 572 1097 634 demonstrandi

133 677 202 757 ejus
226 676 447 748 existentiam,
472 686 582 738 tamen
606 676 786 738 secundum
810 678 900 758 quod
924 687 1031 759 potest
1054 700 1103 740 re-

135 804 285 865 pugnare
309 783 369 845 sibi
392 784 500 863 aliqua
523 783 666 845 conditio
693 803 736 845 ex
758 784 881 845 ratione
902 784 1100 855 (eternitatis,

122 892 223 951 ,unde
248 890 390 951 sumitur
414 890 558 951 medium
575 890 617 950 ad
634 890 873 952 ostendendum
897 890 966 971 ejus
993 891 1101 972 incep-

137 998 273 1070 tionem,
299 996 445 1058 maxime
468 1006 628 1077 quantum
659 997 700 1057 ad
724 1007 864 1078 quatuor
902 998 1041 1059 rationes
1068 999 1100 1059 in

132 1114 230 1183 prcec.
262 1102 382 1177 ercest.
393 1103 461 1183 jam
479 1103 609 1184 positas
627 1139 673 1149 -
687 1103 860 1174 Prcetereu,
882 1105 963 1165 ratio
976 1105 1103 1166 videtur

138 1230 276 1290 peccare
299 1210 479 1271 secundum
496 1209 678 1290 fallaciam
701 1210 927 1290 consequentis,
944 1211 1020 1292 quia
1036 1232 1101 1273 non

138 1317 301 1399 sequitur:
327 1316 516 1397 oppositum
534 1316 631 1396 hujus
648 1336 714 1377 non
739 1326 845 1397 potest
868 1318 1101 1392 demonstrari;

139 1444 218 1505 ergo
243 1422 324 1484 illud
348 1432 397 1484 est
420 1422 579 1503 possibile,
597 1422 680 1483 sicut
704 1432 793 1503 patet
817 1424 847 1484 in
865 1424 1027 1504 principiis
1043 1425 1104 1485 im-

141 1530 359 1611 possibilibus.

204 1638 266 1698 Ad
284 1634 460 1697 secundum
484 1635 557 1696 dico
580 1636 670 1715 quod
687 1636 719 1696 in
735 1636 848 1697 eadem
871 1638 1102 1718 consequentia

139 1752 278 1825 possunt
302 1762 371 1803 esse
410 1742 517 1822 plures
556 1742 694 1803 rationes
726 1763 781 1823 per
821 1764 902 1824 quas
940 1744 1039 1805 illatio
1063 1746 1102 1805 sit

141 1850 331 1927 necessaria,
367 1857 399 1909 et
434 1848 619 1928 ubicunque
642 1849 751 1930 aliqua
786 1850 912 1910 illarum
937 1850 1098 1911 rationum

140 1956 314 2029 invenitur,
340 1964 447 2035 potest
470 1955 581 2016 similis
604 1955 704 2016 illatio
729 1954 844 2017 inferri.
870 1958 972 2017 Modo
996 1978 1104 2018 couse-

139 2064 275 2145 quentia
299 2061 479 2142 Augustini
502 2062 592 2123 vadit
621 2062 681 2123 ita:
707 2062 732 2123 si
770 2062 853 2144 ignis
876 2073 925 2124 est
963 2040 1119 2125 aeternus?

136 2170 296 2252 splendor
319 2169 362 2230 ab
385 2189 423 2230 eo
441 2168 570 2249 genitus
593 2179 642 2240 est
658 2178 809 2232 aeternus.
828 2171 892 2231 Ista
908 2190 1104 2250 consequen-

141 2279 185 2338 tia
209 2285 320 2357 potest
343 2284 452 2336 tenere
476 2296 495 2335 a
519 2296 617 2336 causa
641 2276 827 2337 naturaliter
856 2286 1008 2338 causante
1031 2287 1104 2338 eta

134 2385 266 2445 ratione
291 2381 498 2462 producentis
523 2382 729 2458 naturaliter;
748 2391 822 2443 sunt
838 2383 924 2444 enim
942 2383 1011 2444 istae
1028 2385 1103 2444 duae

143 2490 315 2552 relationes
338 2487 409 2549 aliae
433 2496 466 2548 et
489 2488 570 2560 aliae,
596 2488 672 2568 quia
695 2489 727 2549 in
751 2489 905 2550 relatione
928 2511 1033 2552 causer
1057 2500 1105 2551 est

138 2595 361 2679 ,dependentia
385 2594 568 2667 essentialis,
601 2595 633 2655 in
659 2595 812 2657 relatione
839 2605 950 2657 autem
982 2598 1105 2677 produ-

137 2704 244 2767 centis
269 2723 344 2763 nou.
370 2704 466 2765 Nunc
497 2711 606 2763 autem
631 2702 839 2783 Augustinus
863 2723 928 2763 non
944 2704 1015 2764 vult
1035 2725 1106 2784 pro

143 2812 221 2873 bare
254 2810 349 2870 istam
384 2808 649 2889 consequentiam
685 2829 728 2869 ex
763 2809 885 2870 ratione
920 2830 1025 2870 causae
1054 2831 1108 2871 na-

143 2917 290 2979 turaliter
314 2916 484 2988 causantis,
509 2916 564 2977 sed
588 2936 630 2976 ex
655 2916 777 2976 ratione
812 2917 997 2977 naturaliter
1036 2938 1108 2997 pro·

144 3023 302 3094 ducentis
328 3031 360 3084 et
384 3022 444 3083 ista
474 3022 657 3084 dictasint
696 3031 857 3102 quantum
881 3023 923 3083 ad
963 3033 1105 3085 mentem

144 3128 338 3211 Augustini.
363 3165 406 3175 -
431 3128 516 3191 Cum
547 3148 626 3209 ergo
664 3130 827 3209 arguitur:
853 3130 942 3211 quod
965 3139 1014 3191 est
1038 3151 1106 3210 per-

145 3236 292 3298 fectionis
326 3235 359 3296 in
383 3255 480 3296 causa
517 3235 669 3307 secunda,
710 3245 847 3297 nonest
875 3237 1064 3317 negandum
1089 3258 1108 3297 a

146 3344 251 3424 prima
275 3362 374 3404 causa
397 3342 593 3414 conceditur,
619 3342 675 3403 sed
710 3362 795 3423 nego
835 3343 1003 3413 minorem,
1032 3343 1109 3423 quia

147 3470 240 3531 posse
265 3449 386 3512 habere
408 3447 557 3509 effectum
583 3448 631 3509 vel
656 3457 826 3509 causatum
850 3448 1036 3528 simpliciter
1053 3470 1107 3510 ne-

140 3557 321 3632 cessarium
347 3574 413 3615 non
436 3564 484 3615 est
508 3553 710 3634 perfectionis
733 3554 764 3614 in
793 3554 901 3634 aliqua
931 3575 1028 3614 causa
1064 3575 1111 3615 se-

147 3665 262 3738 cunda,
288 3662 395 3723 immo
419 3659 480 3721 hoc
503 3660 581 3721 nulli
612 3681 718 3721 causae
757 3662 908 3722 secundae
947 3662 1109 3732 convenit,
