2634 4267
321 285 508 347 Drsrmcr.
533 284 632 347 XXX
656 284 804 367 QUAEsT.
829 288 858 349 11
1007 302 1071 367 379
1100 311 1103 325 ¹

113 491 242 555 formae
265 490 484 553 substantialis
507 491 539 552 in
564 490 706 582 materia.
732 490 805 553 Hoc
828 501 938 553 autem
960 493 1096 574 proprie

116 619 192 661 non
217 598 335 659 dicitur
358 598 545 679 simpliciter
569 598 748 679 generatio,
773 598 849 679 quia
873 608 1010 660 nonest
1041 619 1093 681 ge-

118 706 253 767 neratio
276 726 333 786 per
357 726 390 766 se
417 704 518 784 entis;
554 706 610 767 sed
646 713 765 786 potest
789 704 851 767 dici
883 706 1093 786 adgeneratio

118 813 177 874 vel
202 811 416 893 ingeneratio,
440 811 736 893 Adgenerationern
771 812 904 892 quidem
941 812 1018 893 quia
1045 822 1094 875 est

120 918 265 1000 alicujus
289 917 568 1000 generatioquod
592 938 650 999 per
675 910 918 1001 generationem
943 918 980 980 fit
1006 919 1092 981 idem

121 1025 223 1088 alicui
248 1012 479 1105 praeexistenti.
503 1024 711 1107 Ingeneratio
747 1046 825 1087 vero
856 1034 904 1087 est
927 1027 1094 1107 generatio

122 1132 230 1215 partis
254 1132 286 1193 in
309 1140 381 1194 toto
404 1132 498 1211 cujus
521 1132 609 1213 prius
632 1152 698 1193 non
725 1131 784 1193 fuit
808 1153 891 1214 pars

197 1238 344 1301 Secundo
367 1239 457 1319 quod
480 1238 513 1299 in
536 1238 589 1299 illa
605 1238 857 1319 adgeneratione
870 1238 975 1301 forma
991 1240 1094 1301 carnis

125 1366 205 1428 quae
230 1345 448 1406 induciturin
473 1345 607 1408 materia
630 1345 742 1407 nutriti
766 1354 815 1407 est
839 1366 940 1425 nova3
966 1345 1095 1427 hocpa·

125 1461 176 1516 tet
200 1472 258 1533 per
281 1452 420 1532 primam
445 1452 603 1513 rationem
628 1460 741 1514 contra
765 1453 1004 1533 praecedentem
1029 1453 1097 1534 opi-

127 1558 274 1622 nionem.

203 1666 308 1729 Tertio
330 1664 407 1746 quia
432 1685 506 1745 pars
528 1664 702 1727 adveniens
726 1686 783 1747 per
812 1666 1021 1729 nutritionem
1045 1675 1095 1729 est

128 1771 380 1855 quodammodo
404 1772 514 1833 similis
530 1781 562 1833 et
574 1772 822 1853 quodammodo
839 1773 998 1835 dissimilis
1012 1774 1094 1856 parti

127 1878 351 1961 praeexistenti
375 1899 451 1959 quae
474 1877 578 1940 influit
602 1898 658 1959 per
686 1879 938 1960 generationem.
963 1879 1095 1943 Similis

128 1986 263 2067 quidem
288 1985 320 2046 in
345 1983 449 2046 forma
473 1983 639 2065 specifica3
663 1984 838 2047 dissimilis
861 2006 938 2047 vero
963 1994 1096 2067 propter

129 2092 289 2172 majorem
314 2091 364 2153 vel
390 2091 548 2153 minorem
572 2091 803 2171 impuritatem,
821 2092 903 2153 sicut
919 2093 1011 2173 ponit
1024 2092 1097 2155 Phi-

129 2198 289 2280 losophus
314 2216 343 2259 Ι.
368 2197 407 2259 de
425 2198 635 2279 generatione
650 2199 741 2279 quod
767 2219 852 2280 aqua
868 2200 944 2260 vino
968 2220 1095 2281 semper

129 2305 272 2388 amplius
295 2305 443 2367 admixta
467 2304 499 2365 in
534 2304 597 2366 fine
628 2305 816 2385 aquaticum
840 2304 924 2379 facit,
950 2315 982 2367 et
1006 2316 1096 2388 patet

130 2434 187 2494 per
212 2410 448 2492 Philosophum
473 2430 502 2472 Ι.
526 2411 794 2494 degeneratione
815 2412 930 2473 clarius
953 2422 985 2475 et
1009 2413 1043 2474 in
1064 2432 1094 2478 2.

129 2520 170 2582 de
191 2518 327 2591 Anima,
352 2528 420 2598 cap.
445 2518 496 2579 De
511 2518 658 2599 potentia
672 2518 868 2601 vegetation.

202 2623 327 2700 Quarto
361 2625 451 2705 quod
486 2645 561 2705 pars
585 2625 757 2686 materialis
788 2634 819 2687 et
851 2624 994 2687 formalis
1029 2646 1095 2688 non

130 2732 284 2793 differunt
319 2730 452 2811 praecise
487 2751 543 2811 per
578 2729 640 2793 hoc
671 2732 761 2812 quod
785 2751 849 2793 una
873 2731 1096 2805 fluit‚scilicet

132 2838 315 2911 materialis,
339 2845 371 2900 et
395 2837 455 2898 alia
479 2857 544 2899 non
569 2837 648 2911 fluit,
685 2838 804 2900 sci-licet
832 2837 983 2913 formalis,
1020 2840 1095 2921 quia

132 2956 167 3008 ut
204 2944 310 3026 patuit
343 2965 401 3025 per
436 2945 613 3006 secundam
650 2944 808 3007 rationem
844 2955 957 3007 contra
985 2966 1096 3008 secun-

131 3055 209 3114 dam
234 3050 432 3132 opinionem,
459 3050 521 3113 hoc
547 3060 596 3113 est
619 3050 746 3114 falsum.
771 3088 815 3098 -
838 3053 1002 3113 Preeteeeo
1020 3038 1102 3114 una-⁸

132 3179 275 3241 quaeque
309 3179 384 3239 pars
420 3158 524 3221 camis
558 3167 680 3220 certam
717 3157 816 3221 habet
851 3159 1031 3239 periodum,
1063 3169 1096 3222 et

132 3275 225 3328 tanto
250 3264 408 3344 majorem
443 3273 567 3345 quanto
602 3264 712 3346 purior
749 3274 806 3339 est,
836 3267 1096 3347 unumquodque

132 3373 221 3435 enim
257 3380 461 3433 mensuratur
496 3393 554 3433 sua
588 3371 722 3452 periodo
757 3393 798 3433 eie
832 3392 862 3434 2.
898 3372 938 3433 de
960 3392 1097 3453 genero-

133 3479 227 3543 tione.
253 3477 416 3541 Differunt
439 3499 518 3559 ergo
542 3499 615 3558 pars
639 3479 811 3540 materialis
835 3489 867 3539 et
883 3478 1026 3540 formalis
1039 3500 1096 3559 per

133 3586 197 3649 hoc
221 3585 312 3667 quod
336 3605 411 3665 pars
426 3584 569 3647 formalis
592 3585 708 3646 dicitur
739 3586 896 3666 quamdiu
933 3572 1038 3666 potest
1062 3607 1095 3647 a·

133 3714 211 3777 gere
230 3691 416 3770 secundum
440 3690 594 3768 formam;
619 3712 694 3772 pars
717 3701 826 3754 autem
841 3693 1013 3755 materialis
1031 3712 1095 3753 non
