2634 4267
314 239 502 303 Drsnncr.
527 242 572 304 111
597 240 745 323 QuAEsr.
770 243 818 307 IV
1006 263 1067 326 149

115 445 238 508 stincta
254 445 495 527 cognoscibilia,
512 467 587 528 quae
605 448 745 510 rationes
761 450 912 530 quamvis
927 472 946 512 a
959 451 1091 532 quibus-

116 552 196 613 dam
229 561 389 614 vocentur
420 552 558 627 habitus,
587 554 753 617 verissime
787 565 898 642 tamen
934 558 1088 620 dicuntur

114 659 252 740 species.
279 658 324 720 Et
347 680 403 740 per
427 655 491 722 hoc
513 669 603 741 patet
614 662 664 723 ad
665 662 815 741 primum
829 662 944 743 primae
963 664 1089 745 opinio-

116 765 176 830 nis.
202 767 257 827 De
280 783 311 827 2.
337 765 446 832 Ethic.
471 767 544 829 dico
566 769 657 849 quod
680 769 803 850 aliquid
827 779 876 831 est
910 769 942 831 in
978 771 1087 833 anima

115 881 153 933 ut
176 872 303 952 species
325 874 415 954 quod
440 874 531 955 largo
554 874 687 936 nomine
715 883 823 956 potest
857 876 920 937 dici
955 876 1087 940 habitus

112 978 316 1059 inquantum
339 988 388 1041 est
410 980 563 1061 quaedam
580 980 719 1060 qualitas
742 982 784 1043 de
804 982 921 1045 difficili
948 982 1084 1046 mobilis.

181 1085 244 1146 Ad
263 1087 438 1148 secundum
462 1086 535 1149 dico
558 1088 648 1169 quod
671 1087 696 1149 si
720 1088 752 1150 in
775 1088 894 1170 angelo
907 1098 982 1150 sunt
1007 1110 1085 1152 con-

111 1201 235 1253 creatae
259 1193 381 1272 species
404 1203 551 1274 respectu
576 1193 857 1276 cognoscibilium,
883 1204 993 1258 tamen
1018 1217 1084 1259 non

112 1308 225 1380 potest
246 1299 280 1360 in
303 1321 337 1362 se
368 1320 521 1381 generare
543 1300 643 1362 alium
679 1301 828 1364 habitum
852 1322 871 1362 a
895 1302 1009 1382 specie.
1049 1303 1084 1367 Si

110 1426 191 1467 vero
217 1407 309 1467 Deus
332 1416 454 1469 crearet
477 1426 577 1469 unam
602 1427 722 1469 novam
747 1407 898 1489 speciem,
924 1418 1002 1471 tunc
1025 1431 1082 1472 an—

111 1512 208 1594 gelus
231 1521 341 1593 posset
371 1514 517 1594 accipere
547 1514 597 1575 vel
621 1514 788 1596 acquirere
823 1515 963 1596 speciem
998 1516 1082 1579 illius

111 1630 283 1692 creaturae,
316 1621 397 1682 sicut
421 1620 545 1701 patebit
568 1621 600 1682 in
630 1619 750 1696 Qurest.
774 1641 836 1702 seq.
862 1622 1008 1684 Etcum
1032 1623 1078 1686 di-

108 1728 165 1789 cis:
191 1747 273 1808 ergo
307 1736 357 1788 est
379 1727 617 1808 potentionalis,
642 1728 727 1789 sicut
739 1728 877 1801 videtur,
902 1750 988 1810 nego
1011 1751 1080 1792 con-

108 1834 326 1915 sequentiam,
355 1842 390 1895 ut
413 1832 495 1895 infra
511 1834 644 1915 patebit.

176 1941 237 2003 Ad
257 1940 388 2003 tertium
413 1941 454 2002 de
485 1940 645 2020 Dionysio
670 1941 743 2002 dico
774 1942 864 2022 quod
888 1961 1077 2023 supremum

106 2048 140 2109 in
164 2046 307 2110 inferiori
330 2057 378 2109 est
401 2046 551 2109 infimum
575 2047 606 2109 in
630 2048 787 2128 superiori
811 2047 865 2110 ubi
891 2069 956 2110 non
982 2069 1077 2131 repu-

108 2163 190 2236 gnat
214 2154 371 2235 superiori
394 2154 458 2215 tale
482 2173 683 2235 supremum;
709 2153 771 2215 hoc
784 2163 897 2216 autem
915 2166 1077 2236 repugnat

105 2261 244 2342 quando
266 2261 299 2322 in
323 2261 416 2323 nobis
439 2260 569 2322 habitus
588 2269 637 2322 est
661 2259 815 2342 perfectio
836 2261 992 2342 supplens
1015 2262 1075 2323 irn-

104 2366 341 2448 persectionem
357 2368 537 2429 intellectus
553 2367 653 2429 nostri
677 2388 737 2448 pro
753 2376 877 2448 quanto
893 2369 934 2429 de
950 2388 984 2428 se
1007 2389 1074 2431 non

103 2484 153 2536 est
176 2490 309 2536 summe
332 2473 528 2548 habituatus,
545 2475 634 2555 quod
659 2495 726 2536 non
742 2474 874 2555 ponitur
895 2474 927 2534 in
944 2475 1071 2556 angelo.

170 2581 233 2642 Ad
252 2591 407 2661 quartum
430 2581 504 2643 dico
527 2583 617 2662 quod
639 2580 665 2642 si
689 2602 756 2643 non
779 2590 862 2643 esset
894 2581 956 2642 alia
990 2582 1072 2644 ratio

102 2696 164 2750 etc.
190 2697 230 2749 ut
252 2697 287 2748 tu
313 2687 400 2761 dicis
424 2688 498 2750 dico
520 2688 610 2768 quod
634 2687 659 2749 si
683 2686 725 2748 ibi
750 2696 798 2750 est
814 2687 1000 2767 potentialis
1017 2688 1072 2750 ha·

103 2794 192 2858 bitus
217 2814 284 2855 non
308 2803 418 2856 tamen
433 2795 550 2857 sufficit
573 2795 641 2856 sine
652 2794 767 2875 specie.
782 2794 844 2856 Vel
870 2794 973 2855 aliter:
992 2795 1071 2858 illud

101 2901 193 2981 quod
219 2909 256 2962 tu
280 2921 378 2962 vocas
401 2900 559 2974 habitum,
583 2921 648 2982 ego
672 2921 754 2962 voco
778 2900 928 2983 speciem,
954 2902 1013 2963 sed
1031 2911 1068 2963 tu

102 3008 199 3087 ponis
224 3027 338 3080 unum,
362 3028 426 3089 ego
449 3028 537 3089 pono
561 3008 680 3088 plures.

168 3114 230 3177 Ad
250 3112 404 3176 ultimum
428 3115 501 3176 dico
524 3115 614 3195 quod
638 3114 664 3175 si
693 3113 860 3194 objectum
893 3114 1068 3195 appetibile

100 3231 185 3285 esset
201 3221 291 3303 prius
307 3221 464 3301 appetitui
480 3221 533 3282 illa
549 3220 811 3302 praesentialitate
827 3241 893 3300 qua
917 3229 966 3282 est
983 3242 1067 3302 prae-

100 3350 174 3391 sens
197 3328 258 3409 ipsi
283 3327 467 3401 intellectui,
491 3327 728 3408 requirerentur
752 3326 785 3389 in
808 3327 955 3409 appetitu
989 3348 1065 3409 pro—

100 3437 180 3518 priae
205 3435 347 3497 rationes
369 3434 488 3515 quibus
511 3433 639 3514 objecta
663 3434 789 3495 diversa
804 3442 910 3495 essent
926 3453 1066 3514 praesen·

99 3543 155 3617 tia,
178 3544 235 3605 sed
260 3540 467 3623 suppositum
490 3548 538 3602 est
561 3539 688 3613 salsum,
714 3539 786 3601 ideo
811 3560 876 3601 non
899 3540 994 3602 valet.

165 3649 225 3711 Ad
233 3657 466 3731 argumentum
478 3646 607 3709 alterius
620 3646 791 3727 opinionis
809 3647 954 3708 concedo
970 3645 1062 3726 quod
