2634 4267
265 270 330 333 294
531 253 606 315 Lm.
632 253 661 314 11
686 252 984 316 Snnrnn'rmnum

239 458 294 541 qui
318 468 367 521 est
390 458 501 521 omnia
535 457 648 521 facere.
675 458 829 531 Secundo,
856 480 916 539 pro
948 459 1105 521 intellectu
1126 478 1188 539 pos-

238 564 332 639 sibili,
356 565 411 647 qui
435 574 484 627 est
506 566 617 627 omnia
640 564 717 627 fieri.
749 564 863 638 Tertio,
888 585 948 646 pro
973 565 1127 628 intellectu
1149 565 1188 625 in-

239 671 380 735 formato
404 672 516 734 habitu
540 671 695 734 scientiali
719 672 768 733 vel
793 672 908 753 specie.
939 671 1072 747 Quarto,
1095 692 1148 753 pro
1169 672 1189 731 i·

240 778 471 861 maginatione,
505 789 537 841 et
560 779 677 841 dicitur
708 778 888 841 intellectus
924 779 1079 859 passivus
1102 788 1131 841 et
1150 786 1191 839 est

239 885 466 967 corruptibilis,
490 895 524 949 et
547 884 610 948 hoc
634 894 743 947 totum
768 894 859 966 patet
889 907 947 966 per
972 885 1189 966 Philosophum

240 1010 271 1055 1.
295 992 335 1054 de
357 992 492 1053 Anima.
535 990 666 1066 Quinta,
691 992 846 1073 accipitur
882 1012 938 1073 per
964 992 1190 1055 Commentato-

240 1118 310 1161 rem
329 1116 364 1177 j.
388 1098 427 1159 de
462 1098 597 1171 Anima,
622 1106 655 1159 et
678 1098 794 1161 dicitur
826 1098 1008 1160 intellectus
1042 1097 1192 1179 speculati-

241 1226 312 1267 vus
338 1204 437 1268 Sexto
457 1205 573 1267 dicitur
589 1205 770 1267 intellectus
793 1206 942 1287 adeptus,
968 1205 1014 1267 Et
1026 1205 1135 1266 dicitur
1150 1204 1191 1264 ille

241 1311 421 1375 intellectus
442 1312 661 1392 speculativus
684 1312 739 1392 qni
764 1312 973 1393 componitur
1001 1333 1045 1373 ex
1068 1312 1193 1373 intellec·

242 1428 278 1481 tu
304 1418 459 1480 materiali
483 1427 516 1481 et
538 1418 702 1481 intellectu
728 1418 760 1479 in
783 1428 869 1491 actu,
895 1418 1076 1481 intellectus
1098 1426 1193 1479 autern

241 1525 376 1606 adeptus
391 1525 600 1606 componitur
616 1546 660 1587 ex
684 1506 846 1587 intellectu
865 1526 1022 1587 materiali
1046 1534 1079 1587 et
1100 1546 1138 1587 ex
1157 1524 1193 1585 lu-

242 1632 330 1694 mine
354 1632 534 1693 intellectus
557 1632 693 1713 agentis.
721 1631 819 1694 Unde
850 1632 934 1693 sicut
957 1653 1011 1694 aer
1043 1632 1134 1694 simul
1155 1651 1193 1691 re-

242 1737 392 1819 cipiendo
416 1738 557 1819 speciem
582 1738 695 1818 recipit
719 1739 841 1811 lumen,
866 1739 910 1800 sic
934 1738 1033 1799 etiam
1070 1737 1194 1799 intellec-

241 1853 295 1907 tus
329 1844 489 1926 possibilis
523 1844 708 1925 recipiendo
731 1844 872 1926 speciem
909 1845 1005 1906 simul
1031 1845 1139 1926 recipit
1159 1845 1194 1904 lu·

242 1972 318 2014 men
342 1951 521 2013 intellectus
551 1951 687 2033 agentis
719 1961 752 2014 et
767 1960 907 2033 propter
944 1951 1030 2013 hanc
1055 1950 1193 2033 receptio·

242 2079 317 2121 nern
342 2058 457 2120 dicitur
481 2058 661 2120 intellectus
684 2059 834 2140 adeptus.

319 2272 541 2357 Quuutum
555 2241 869 2361 udoeouuu'um
885 2272 1136 2339 Articulum
1157 2280 1195 2333 est
1264 2320 1265 2355 p

244 2379 354 2461 opinio
368 2379 642 2442 Commentatoris
658 2380 691 2442 in
704 2398 736 2459 J.
750 2380 789 2442 de
801 2380 936 2452 Anima,
954 2402 1033 2441 com.
1048 2379 1103 2443 18.
1119 2377 1192 2461 quod

244 2484 423 2564 intellectus
448 2486 616 2573 possibilis
650 2495 699 2547 est
716 2507 799 2548 unus
824 2507 960 2548 numero
985 2486 1017 2548 in
1047 2486 1193 2548 omnibus,

248 2591 347 2672 Quod
371 2592 527 2674 probatur

313 2699 428 2761 Frz'mo
451 2698 512 2759 sic:
537 2698 638 2780 Quod
662 2708 710 2762 est
733 2699 945 2761 immateriale
970 2721 1036 2762 non
1062 2696 1197 2778 multipli-

246 2814 339 2866 catur
361 2806 403 2866 ad
439 2805 740 2886 multiplicationem
764 2828 956 2887 corporum;
993 2808 1052 2869 sed
1075 2805 1195 2868 intellec·

246 2919 300 2973 tus
322 2919 371 2972 est
393 2910 628 2982 immaterialis;
653 2932 742 2993 ergo

240 3093 242 3096 Ι
315 3017 460 3078 Secundo
482 3016 544 3078 sic:
569 3018 657 3097 quod
683 3039 748 3079 non
772 3028 820 3079 est
835 3039 955 3099 corpus
979 3040 1038 3081 nec
1061 3020 1155 3081 virtus
1169 3016 1194 3075 in

247 3142 393 3203 corpore,
411 3143 476 3184 non
501 3122 734 3203 multiplicatur
751 3126 792 3186 ad
817 3124 1117 3206 multiplicationem
1138 3143 1197 3184 cor·

247 3250 384 3311 porum;
409 3230 464 3291 sed
488 3229 670 3292 intellectus
706 3252 770 3293 non
794 3241 843 3294 est
865 3252 994 3313 corpus,
1027 3254 1084 3294 nec
1106 3230 1194 3291 virtus

248 3336 280 3398 in
306 3357 458 3418 corpore3
482 3357 571 3418 ergo.

323 3445 352 3505 Τ
347 3444 426 3505 ertio
441 3443 503 3505 sic:
528 3444 553 3505 si
569 3444 750 3506 intellectus
766 3446 807 3506 ad
824 3445 1122 3527 multiplicationem
1137 3462 1193 3503 cor·

250 3570 368 3631 porum
393 3550 671 3632 multiplicaretur,
706 3560 785 3613 tunc
807 3572 844 3613 ea
868 3573 943 3633 quae
979 3560 1082 3614 essent
1103 3550 1132 3611 in
1153 3548 1191 3607 in-

248 3655 378 3715 tellectu
396 3676 462 3716 non
485 3666 590 3718 essent
606 3657 767 3719 intellecta
791 3659 823 3720 in
835 3668 919 3720 actu.
950 3657 1139 3740 Consequens
1152 3663 1191 3715 est
