2634 4267
229 250 294 329 346
472 250 547 313 Lm.
573 250 602 312 ΙΙ
627 250 923 314 Ssnrsnrmnmu

205 479 259 521 sus
282 478 348 519 non
371 466 421 519 est
443 458 577 531 activus
602 457 678 539 quia
709 464 788 519 tunc
812 477 940 538 semper
975 458 1109 519 sentiret
1136 458 1163 519 si

204 574 261 627 cut
283 563 512 627 combustibile
541 583 669 645 semper
704 564 912 626 combureret
935 564 962 625 si
984 573 1068 625 esset
1092 564 1181 627 acti-

204 692 294 734 vum.

275 777 397 853 Quinto
419 778 481 841 sic:
499 799 597 841 causa
620 777 791 858 aequivoca
806 785 855 839 est
879 776 1019 839 nobilior
1044 798 1106 839 suo
1132 777 1187 839 ef—

205 884 308 960 fectu;
333 885 390 947 sed
413 885 439 947 si
462 885 612 947 voluntas
635 885 676 945 sit
700 905 799 946 causa
822 904 890 946 suae
922 884 1085 953 volitionis
1111 886 1178 947 erit

204 992 384 1073 aequivoca,
408 1001 441 1054 et
464 1012 540 1054 cum
563 990 669 1053 forma
693 1012 760 1054 non
785 992 985 1073 producatur
1008 993 1066 1053 sed
1082 1012 1180 1053 com·

205 1099 348 1181 positum
373 1116 403 1182 7.
427 1097 600 1179 Metaple.,·
635 1118 715 1179 ergo
738 1099 888 1160 voluntas
912 1099 1001 1160 nuda
1023 1098 1085 1160 erit
1118 1118 1181 1159 no—

205 1206 298 1269 bilior
329 1206 497 1267 voluntate
519 1205 658 1267 volente.
692 1204 782 1286 Quid
805 1226 884 1285 ergo
920 1205 1069 1266 causabit
1090 1205 1180 1266 voli-

206 1314 352 1376 tionem?
376 1312 464 1375 Dicit
488 1310 688 1375 Gothsredus
712 1311 802 1393 quod
824 1311 904 1373 illud
929 1311 1096 1391 objectum
1128 1332 1182 1373 re—

206 1421 316 1482 lucens
339 1419 371 1481 in
395 1418 624 1499 phantasmate
658 1418 817 1479 illustrato
852 1418 1017 1480 intellectu
1051 1428 1183 1499 agente

206 1534 318 1589 causat
352 1526 541 1587 volitionem
564 1534 597 1587 et
620 1524 829 1598 intellectum,
865 1524 949 1586 sicut
983 1524 1046 1586 suit
1075 1544 1181 1605 supe·

205 1634 271 1695 rius
295 1634 495 1695 deciaratum
529 1632 616 1693 Dist.
637 1649 672 1710 J.
697 1639 831 1712 quaest:
858 1630 981 1693 Utrum
1017 1632 1182 1713 Angelus

205 1750 383 1823 cognoscat
406 1760 440 1801 se
463 1761 520 1821 per
543 1738 715 1801 essentiam
739 1757 843 1799 suam.

278 1954 502 2039 Quantum
542 1954 607 2019 ad
635 1954 878 2018 sectandum
913 1952 1178 2017 Articulum

206 2063 352 2144 arguitur
375 2070 489 2123 contra
513 2060 607 2122 istam
632 2060 820 2141 opinionem
845 2060 906 2121 sic:

272 2168 409 2232 Primo:
434 2187 535 2249 agens
559 2167 705 2229 naturale
729 2187 794 2229 non
812 2166 1007 2247 impeditum
1032 2187 1099 2228 non
1117 2189 1181 2248 po·

207 2285 268 2338 test
292 2276 324 2336 in
341 2275 457 2337 eodem
482 2294 578 2355 passo
593 2274 711 2335 eodem
736 2273 836 2335 modo
853 2273 1012 2354 disposito
1036 2294 1180 2336 causare

207 2381 384 2456 contraria;
408 2380 465 2442 sed
489 2380 654 2461 objectum
690 2380 860 2461 cognitum
884 2388 932 2440 est
968 2381 1115 2443 naturale
1140 2404 1181 2443 a-

208 2511 305 2571 gens;
329 2510 408 2570 ergo
432 2508 497 2548 non
514 2495 622 2568 potest
645 2507 778 2547 causare
797 2487 879 2548 velle
901 2495 933 2547 et
958 2488 1043 2549 nolle
1068 2486 1101 2549 in
1118 2496 1180 2551 vo·'

208 2599 332 2659 luntate
355 2616 430 2657 cum
455 2594 518 2656 sint
552 2603 644 2655 actus
667 2593 819 2655 contrarii
850 2602 997 2674 respectu
1023 2594 1178 2673 ejusdem

207 2703 335 2784 objecti,
360 2712 392 2764 et
415 2701 459 2763 sic
482 2701 633 2763 voluntas
665 2700 785 2781 aliquid
809 2700 921 2765 volens
955 2721 1086 2782 semper
1110 2703 1179 2763 vel·

209 2812 251 2872 let
274 2810 353 2871 iilud
376 2818 408 2871 et
432 2809 544 2870 nolens
568 2828 695 2888 semper
731 2807 830 2869 nollet
854 2807 942 2881 illud,
979 2808 1075 2887 cujus
1098 2829 1178 2871 con..

207 2917 341 2979 trarium
365 2915 562 2996 experimur.

275 3022 420 3085 Secundo
451 3022 511 3083 sic:
537 3022 568 3084 in
600 3020 692 3101 cujus
727 3029 888 3101 potestate
912 3041 978 3082 non
1013 3030 1063 3083 est
1086 3022 1178 3085 actio

155 3177 158 3181 ,
207 3130 333 3211 agentis
367 3129 537 3202 sufficiens
562 3128 687 3208 inejus
723 3136 884 3208 potestate
908 3148 973 3189 non
1005 3137 1055 3189 est
1087 3130 1178 3191 actio

179 3294 182 3298 ,
208 3236 367 3319 patientis
392 3235 468 3317 quia
491 3236 625 3317 quando
656 3255 756 3316 agens
780 3235 940 3297 sufficiens
971 3235 1042 3317 agit
1065 3256 1173 3298 neces·

207 3342 300 3415 sari0‚
326 3353 559 3424 consequenter
583 3342 709 3423 patiens
733 3340 871 3422 patitur;
895 3342 952 3402 sed
976 3362 1043 3403 non
1067 3343 1171 3406 estin

208 3458 369 3531 potestate
392 3449 542 3531 patientis
566 3449 656 3529 quod
681 3469 781 3530 agens
805 3448 874 3529 agit
908 3449 1044 3529 quando
1068 3458 1117 3511 est
1140 3471 1172 3511 a·
1202 3498 1208 3507 .

208 3556 310 3637 liquid
333 3556 374 3618 ab
397 3577 446 3624 eo.
473 3556 617 3617 maxime
641 3555 667 3616 si
690 3575 791 3637 agens
815 3555 855 3616 sit
891 3556 1048 3629 naturale,
1074 3558 1173 3637 quaie'

209 3671 257 3721 est
270 3661 435 3738 objectum
443 3681 450 3735 ;
462 3681 541 3740 ergo
555 3682 620 3721 non
636 3671 685 3723 est
697 3662 730 3723 in
743 3670 905 3741 potestate
917 3662 1097 3725 voluntatis
1112 3683 1173 3725 sua·
