2634 4267
330 255 518 318 Drsrrncr.
542 254 590 315 IX
615 253 762 334 QuAEsr.
788 255 802 316 Ι
987 267 1047 332 215
1140 247 1149 270 '

119 459 277 540 receptivo
293 459 539 541 proportionato
551 468 583 521 et
595 459 841 540 approximato;
859 459 915 522 sed
939 459 1074 540 angelus

119 562 238 628 habens
265 566 412 628 notitiam
440 565 576 646 alicujus
602 565 721 646 objecti
752 574 800 628 est
823 565 1016 628 sufficienter
1040 567 1072 627 in

119 680 187 732 actu
204 671 312 753 primo
335 673 378 734 ad
405 673 605 734 causandum
638 673 887 734 intellectionem
913 672 1073 734 actualem

119 776 196 840 illius
220 779 347 860 objecti,
372 788 404 841 et
419 779 554 861 angelus
566 779 701 841 audiens
713 788 761 841 est
777 779 976 860 receptivum
1002 799 1074 860 pro-

105 885 348 967 ‘portionatum

183 989 332 1054 Secunda
366 989 534 1055 Conclusio
555 1000 603 1054 est
633 992 797 1054 declarare
826 992 907 1073 quid
938 992 1075 1074 angelus

120 1095 252 1178 loquens
268 1099 382 1182 gignat
398 1090 608 1161 inintellectu
624 1099 793 1161 audientis.
812 1099 857 1160 Et
879 1099 952 1161 dico
968 1099 1075 1180 primo

120 1205 206 1282 quod
237 1214 343 1287 potest
373 1226 505 1268 causare
535 1215 645 1267 actum
677 1214 710 1268 et
745 1226 809 1268 non
842 1206 992 1286 speciem.
1017 1206 1076 1267 Ite-

122 1329 191 1370 rum
215 1321 319 1392 potest
342 1332 475 1373 causare
486 1319 596 1373 actum
613 1322 646 1374 et
662 1313 811 1392 speciem.
830 1313 951 1373 Iterum
969 1320 1076 1393 potest

122 1435 248 1480 causare
274 1418 415 1500 speciem
446 1427 479 1480 et
509 1438 575 1480 non
605 1425 736 1481 actum'
759 1418 914 1488 Probatio
938 1418 1046 1498 primi
1059 1441 1073 1489 ,·

122 1521 197 1585 dato
219 1526 308 1606 quod
330 1525 398 1586 duo
420 1525 527 1606 angeli
543 1534 681 1606 possunt
704 1525 792 1606 loqui
816 1525 857 1587 de
880 1525 989 1606 aliquo
1019 1523 1076 1586 ha-

123 1627 278 1694 bitualiter
294 1640 387 1711 noto;
404 1632 461 1694 sed
473 1639 551 1693 tunc
564 1631 669 1713 gignit
684 1640 794 1694 actum
807 1640 840 1694 et
857 1652 921 1694 non
935 1631 1075 1712 speciem

124 1735 196 1815 quia
217 1738 292 1800 alias
315 1745 479 1819 oporteret
502 1758 623 1818 ponere
646 1738 728 1800 duas
757 1739 877 1819 species
902 1738 938 1799 in
957 1738 1073 1800 eodem
1134 1729 1137 1736 ’

125 1839 278 1906 intellectu
295 1844 440 1925 ejusdem
457 1844 585 1925 objecti,
602 1845 757 1926 quod'est
773 1844 877 1907 salsun
896 1844 1075 1906 secundum

126 1947 346 2013 adversarium.
379 1986 423 1996 -
458 1949 603 2014 Secundo
633 1952 791 2032 probatur
822 1952 899 2033 quia
930 1951 955 2012 si
987 1951 1078 2012 Deus

127 2066 240 2119 crearet
262 2078 362 2120 unam
387 2077 507 2119 novam
530 2057 681 2139 speciem,
706 2066 739 2120 et
755 2058 904 2120 notitiam
922 2057 1004 2119 illius
1020 2056 1077 2118 ha-

127 2159 212 2225 beret
233 2185 315 2226 unus
338 2165 473 2246 angelus
500 2172 533 2226 et
556 2185 622 2226 non
654 2165 744 2237 alius,
776 2164 899 2227 habens
928 2163 1077 2226 notitiam

128 2279 229 2346 posset
251 2271 338 2353 loqui
361 2270 479 2352 angelo
510 2291 575 2333 non
607 2271 739 2333 habenti
773 2271 921 2333 notitiam
953 2271 995 2332 de
1025 2270 1078 2331 illa

129 2376 235 2453 specie,
258 2377 358 2440 etsie
382 2377 529 2459 gigneret
551 2377 584 2439 in
608 2377 772 2440 intellectu
797 2377 880 2439 illius
903 2387 1014 2438 actum
1046 2387 1078 2438 et
1192 2427 1196 2435 .

129 2483 323 2561 speciem—
345 2484 376 2546 Τ
370 2485 488 2546 artium
505 2484 661 2565 probatur
677 2484 754 2565 quia
768 2484 874 2546 minor
890 2485 992 2544 virtus
1013 2503 1079 2544 non

130 2598 229 2666 potest
250 2591 407 2672 impedire
442 2590 598 2671 majorem
623 2591 776 2653 virtutem
804 2612 823 2652 a
850 2612 908 2652 sua
935 2589 1077 2662 actione;

129 2689 202 2777 ergo
216 2697 240 2759 si
255 2697 402 2779 superior
412 2697 546 2779 angelus
559 2698 774 2760 consideraret
790 2697 911 2778 aliquid
928 2697 959 2757 in
982 2716 1078 2777 gene·

130 2820 160 2862 re
182 2803 317 2886 proprio,
342 2812 420 2866 tunc
443 2803 571 2866 inferior
593 2804 705 2866 volens
729 2804 787 2866 sibi
817 2804 904 2884 loqui
933 2824 998 2890 non
1023 2802 1080 2863 im·

130 2909 245 2987 pediret
256 2932 348 2973 suam
362 2910 610 2973 intellectionem
622 2911 795 2986 actualem;
810 2910 955 2972 causabit
968 2918 1077 2971 tamen

130 3015 251 3096 aliquid,
274 3018 413 3080 sednon
437 3026 557 3091 actum,
582 3026 618 3079 ut
641 3025 748 3098 patet;
773 3038 852 3099 ergo
875 3016 1026 3097 speciem.

195 3123 300 3186 Tertia
321 3120 487 3186 Conclusio
510 3124 680 3205 quomodo
704 3144 789 3185 unus
813 3124 947 3204 angelus
971 3129 1079 3203 potest

131 3226 211 3308 loqui
233 3229 287 3292 uni
311 3237 344 3291 et
367 3250 433 3291 non
448 3230 549 3292 alteri.
567 3231 611 3292 Et
624 3230 736 3292 dicunt
752 3230 850 3311 aliqui
867 3230 956 3310 quod
981 3248 1079 3308 ange·

130 3332 175 3396 lus
196 3356 258 3398 non
282 3344 390 3417 potest
413 3336 467 3397 uni
488 3336 577 3417 loqui
600 3336 679 3416 quin
703 3337 770 3398 aliis
794 3336 945 3398 omnibus
970 3336 1080 3415 loqua=

130 3447 187 3502 tur.

191 3547 310 3612 Contra
334 3548 398 3610 hoc
421 3548 531 3629 objicit
562 3540 668 3611 Varro
704 3549 930 3630 multipliciter.
966 3547 1081 3610 Primo

131 3654 199 3734 quia
213 3655 349 3738 angelus
365 3675 430 3716 non
446 3664 493 3717 est
510 3654 626 3737 pejoris
642 3656 835 3718 conditionis
848 3676 947 3736 quam
962 3655 1080 3728 homo;
