2634 4267
486 919 806 1028 Distinctio
844 919 1029 1028 XVII.

462 1189 539 1268 Ηίο
568 1190 621 1266 de
650 1187 805 1288 origine
836 1189 1049 1268 animae....

344 1308 439 1375 Circa
463 1313 561 1376 istam
584 1313 672 1376 Dist.
705 1331 748 1397 17
764 1322 873 1394 posset
893 1313 1021 1394 quoeri:
1056 1312 1164 1376 Utrum
1183 1329 1208 1370 a·

272 1418 361 1480 nima
395 1419 436 1480 sit
458 1420 641 1502 composita
664 1441 707 1482 ex
743 1419 877 1484 materia
898 1429 932 1482 et
955 1418 1069 1482 forma.
1099 1417 1158 1481 Sod
1173 1436 1208 1478 so·

272 1525 354 1588 lutio
370 1534 463 1606 patet
478 1536 541 1607 por
562 1527 602 1589 id
620 1527 708 1608 quod
728 1525 852 1590 dictum
876 1536 925 1589 est
945 1527 985 1588 do
1013 1523 1208 1606 compositione

272 1632 464 1715 angolorum
487 1644 550 1696 art.
573 1652 618 1718 4„
645 1653 753 1715 quoero
777 1633 831 1696 ibi.

338 1737 485 1802 Secundo
501 1750 608 1821 posset
629 1741 755 1822 quaeri:
780 1739 902 1803 Utrum
918 1739 1028 1802 anima
1052 1739 1134 1802 Adae
1153 1735 1206 1798 sue·

271 1845 313 1907 rit
336 1855 443 1909 creata
465 1856 559 1908 extra
582 1867 710 1929 corpus.
736 1845 805 1909 Sed
823 1847 871 1910 ad
891 1845 948 1909 hoc
966 1857 1060 1928 patet
1074 1856 1130 1928 por
1148 1843 1205 1906 Mo-

267 1952 414 2035 gistrum
438 1974 463 2014 c.
486 1972 517 2016 2.
542 1974 648 2034 quoero
672 1953 727 2016 ibi.

345 2059 450 2122 Tertio
472 2060 634 2141 quoeritur

627 2236 804 2319 QUAEsm)
821 2238 876 2300 111.

327 2393 435 2450 Utrum
453 2395 602 2462 »amilius
619 2395 657 2450 slt
675 2395 754 2451 loous
771 2394 937 2451 oonvenlens
955 2394 1124 2450 habitatlonl
1137 2390 1204 2448 hom!-

270 2497 351 2538 num.

339 2629 385 2691 Et
407 2629 533 2691 videtur
569 2629 659 2711 quod
684 2650 760 2704 non,
796 2628 872 2712 quia
895 2637 943 2692 est
975 2628 1074 2710 juxta
1096 2627 1204 2712 globum

274 2735 439 2815 lunarem;
463 2738 519 2798 sed
543 2736 614 2798 talis
638 2736 729 2798 locus
759 2744 896 2798 nonest
931 2735 1113 2799 habitabilis
1133 2752 1204 2816 prop·

269 2851 319 2905 ter
341 2842 492 2924 spheram
515 2842 616 2924 ignis3
640 2863 730 2924 ergo.

345 2948 474 3013 Contra.
511 2948 628 3012 GeneS.
657 2967 702 3010 1.:
738 2933 827 3011 Tulit
862 2951 955 3011 Deus
987 2948 1155 3023 hominem,
1181 2951 1204 3005 et

273 3057 383 3140 posuit
405 3076 480 3117 eum
505 3055 537 3117 in
562 3056 768 3136 Paradisum„
787 3065 848 3120 etc.

339 3141 565 3225 RESPbNDEO
578 3162 668 3244 quod
681 3162 734 3236 sic,
759 3171 791 3224 et
804 3183 863 3244 pro
883 3170 969 3225 statu
984 3171 1108 3225 naturae
1130 3162 1204 3241 lapsae

271 3279 304 3332 et
320 3290 379 3351 pro
403 3277 488 3331 statu
513 3277 638 3330 naturae
653 3277 848 3333 restauratae.
869 3268 920 3330 Do
925 3269 1036 3349 primo
1049 3277 1133 3351 patet
1149 3263 1203 3346 quia

271 3386 320 3439 est
343 3376 387 3437 ibi
412 3374 529 3437 Enoch
553 3384 585 3437 et
609 3375 707 3448 Elias,
733 3384 768 3436 ut
800 3375 915 3438 dicitur
954 3374 1066 3438 Genes.
1087 3393 1118 3459 5.
1139 3382 1164 3435 et
1179 3387 1201 3452 4.

273 3485 355 3565 Rog.
379 3501 410 3545 2.
435 3483 486 3544 Do
508 3482 644 3545 secundo
668 3490 757 3563 patet
780 3481 856 3563 quia
891 3481 950 3543 suit
985 3481 1029 3544 ibi
1057 3483 1158 3544 Adam
1180 3482 1202 3537 et

273 3590 355 3652 Eva.
379 3625 424 3636 —
448 3589 513 3653 Sed
537 3597 585 3651 est
608 3587 745 3650 dubium
770 3588 810 3649 de
844 3587 917 3650 loco
952 3588 1091 3669 paradisi
1113 3586 1157 3648 ubi
1174 3581 1202 3643 sit

275 3703 436 3774 quantum
460 3696 502 3756 ad
527 3694 645 3757 locum.
672 3695 756 3756 Dico
780 3694 868 3776 quod
892 3704 941 3756 est
964 3695 997 3756 in
1014 3695 1138 3766 oriente,
1148 3688 1202 3772 quia
