2634 4267
299 257 488 358 Discrucr.
512 256 612 319 XXX
635 254 783 337 QuAEsr.
808 259 822 321 Ι
989 274 1050 344 373

92 372 325 383 -—-...-—

173 464 220 527 Et
244 485 302 546 per
325 463 388 530 hoc
413 470 502 545 patet
525 462 567 524 ad
602 462 688 524 dicta
723 462 919 529 Sanctorum
936 463 999 545 qui
1023 464 1072 525 di·
1138 460 1144 468 ’

90 581 184 634 cunt
209 579 383 652 peccatum
406 570 561 652 originale
583 589 652 631 esse
679 569 993 650 concupiscentiam
1018 590 1072 632 ac-

92 676 233 759 cipiunt
267 677 355 740 enim
390 676 554 739 materiale
589 696 654 737 non
689 674 824 739 formale
858 677 981 758 peccati
1009 676 1071 739 ori-

93 784 234 866 ginalis.

174 892 225 953 Et
256 891 290 953 si
313 890 447 973 objicias
457 914 469 951 .·
504 889 641 952 formale
675 889 839 971 originalis
873 889 996 971 peccati
1024 898 1072 953 est

94 1017 163 1078 per
188 997 253 1059 hoc
277 998 366 1079 quod
393 1006 442 1059 est
469 997 609 1059 carentia
641 996 774 1077 justitiae
809 997 990 1078 originalis:
1015 997 1071 1058 sed

94 1105 184 1185 quia
208 1105 344 1186 angelus
367 1113 454 1166 caret
474 1104 598 1185 justitia
632 1104 788 1185 originali,
813 1112 846 1165 et
870 1113 980 1165 tamen
1004 1124 1070 1166 non

97 1210 208 1273 habet
233 1219 403 1291 peccatum
428 1211 592 1293 originale.
616 1248 659 1256 -
678 1212 725 1272 Et
739 1209 894 1272 similiter
916 1210 1071 1291 parvulus

97 1316 292 1399 baptizatus
326 1327 413 1380 caret
445 1316 569 1398 justitia
603 1316 760 1399 originali,
796 1328 828 1380 et
862 1326 973 1379 tamen
1005 1338 1070 1379 non

99 1423 209 1487 habet
232 1434 403 1505 peccatum
427 1424 591 1506 originale.

173 1530 234 1591 Ad
247 1531 395 1612 primum
418 1531 493 1592 dico
515 1531 605 1613 quod
628 1531 763 1613 angelus
780 1552 845 1593 non
866 1531 973 1605 habet,
994 1531 1070 1612 quia

99 1657 173 1700 non
198 1646 247 1699 est
270 1656 376 1720 capax
397 1637 531 1718 justitiae
554 1638 653 1714 illius;
686 1638 711 1699 si
742 1647 852 1700 autem
880 1647 929 1700 est
951 1659 1068 1719 capax,

100 1745 181 1806 dico
206 1745 295 1825 quod
319 1744 417 1806 habet
441 1765 524 1808 eam.
548 1780 592 1791 -
607 1746 667 1807 Ad
689 1746 862 1808 secundum
883 1745 956 1806 dico
980 1746 1069 1827 quod

100 1859 331 1913 commutatur
353 1851 413 1912 sibi
437 1850 469 1912 in
493 1851 617 1913 donum
649 1852 856 1933 aequivalens,
881 1860 970 1933 puta,
999 1873 1070 1935 gra-

100 1958 186 2019 tiam
212 1977 392 2039 perquam
416 1967 465 2019 est
487 1958 606 2040 dignus
628 1958 696 2020 vita
718 1967 849 2021 aeterna.

181 2171 406 2257 Quantum
438 2173 503 2237 ad
531 2173 774 2237 secundum
805 2171 1067 2247 Articulum,

103 2299 173 2341 non
191 2277 276 2340 sacta
292 2278 456 2341 mentione
473 2280 514 2341 de
526 2280 673 2361 Virgine,
698 2280 774 2361 quia
798 2280 838 2341 de
862 2279 924 2341 hoc
943 2280 1068 2342 dicetur

102 2386 142 2447 in
150 2404 198 2465 j„
211 2395 260 2447 est
272 2385 378 2467 prima
393 2386 503 2467 opinio
521 2369 769 2468 Pelagianorum
782 2387 961 2449 volentium
977 2387 1067 2467 quod
1107 2363 1110 2372 Ι

103 2491 138 2554 in
151 2492 294 2574 parvulis
310 2513 375 2555 non
389 2492 430 2554 sit
453 2502 625 2574 peccatum
642 2492 807 2574 originale,
821 2493 897 2574 quia
913 2492 1068 2575 originale

103 2620 171 2662 non
210 2608 258 2661 est
297 2608 468 2682 peccatum
507 2609 640 2681 propter
674 2600 967 2681 propagationem,
1006 2600 1062 2661 sed
1114 2622 1117 2633 ⁴

103 2715 240 2789 propter
262 2705 475 2768 imitationem
505 2706 652 2782 malitiae;
671 2706 762 2788 pueri
785 2715 894 2768 autem
919 2707 1066 2768 nondum

102 2794 275 2876 imitantur
298 2813 330 2874 in
355 2795 451 2887 malo,
476 2812 548 2875 ideo
573 2822 683 2875 carent
695 2822 829 2895 peccato
842 2813 988 2895 originali
1007 2834 1067 2875 nec

102 2919 253 3002 indigent
287 2919 461 2999 baptismo.
487 2918 551 2983 Sed
585 2919 668 2981 sicut
703 2928 792 3001 patet
828 2919 879 2981 hic
909 2922 954 3001 pe.
997 2921 1066 2981 Ma·

103 3026 243 3108 gistrum
266 3035 335 3106 cap.
354 3043 401 3104 J„
426 3025 497 3087 haec
521 3026 631 3107 opinio
666 3035 714 3088 est
750 3025 910 3099 haeretica,
933 3034 1068 3110 preter

103 3133 195 3214 quod
219 3132 394 3194 dicendum
425 3140 474 3193 est
507 3132 597 3213 quod
620 3152 734 3194 omnes
757 3134 937 3195 secundum
961 3133 1067 3214 legem

103 3258 317 3301 communem
342 3237 514 3320 propagati
538 3240 580 3305 ab
612 3238 726 3301 Adam
761 3239 959 3301 contrahunt
993 3259 1066 3320 pec-

103 3354 217 3408 catum
253 3343 426 3426 originale;
463 3345 549 3406 unde
573 3344 750 3426 Gregorius
774 3345 809 3407 in
828 3347 940 3427 glossa
973 3356 1070 3426 super

106 3452 278 3514 Exodum:
303 3461 418 3513 omnes
446 3471 489 3513 ex
523 3450 626 3513 carnis
661 3451 873 3514 delectatione
907 3452 1065 3533 concepti,

104 3557 236 3641 culpam
260 3557 450 3639 originalem
474 3558 568 3621 nobis
590 3559 823 3623 contraximus.
840 3559 1065 3633 -Praeterea,

103 3663 314 3749 Augustinus
336 3673 433 3743 super
453 3664 578 3727 Psalm.
603 3664 681 3726 dicit
711 3686 745 3727 se
776 3666 808 3727 in
843 3664 1067 3747 iniquitatibus
