<?xml version="1.0" encoding="UTF-8"?>
<!DOCTYPE html PUBLIC "-//W3C//DTD XHTML 1.0 Transitional//EN"
    "http://www.w3.org/TR/xhtml1/DTD/xhtml1-transitional.dtd">
<html xmlns="http://www.w3.org/1999/xhtml" xml:lang="en" lang="en">
 <head>
  <title>
</title>
<meta http-equiv="Content-Type" content="text/html;charset=utf-8" />
  <meta name='ocr-system' content='tesseract 3.04.00' />
  <meta name='ocr-capabilities' content='ocr_page ocr_carea ocr_par ocr_line ocrx_word'/>
</head>
<body>
  <div class='ocr_page' id='page_1' title='image "./commentariainli00scotgoog_0287.png"; bbox 0 0 2634 4267; ppageno 0'>
   <div class='ocr_carea' id='block_1_1' title="bbox 254 330 1049 414">
    <p class='ocr_par' dir='ltr' id='par_1_1' title="bbox 254 330 1049 414">
     <span class='ocr_line' id='line_1_1' title="bbox 254 330 1049 414; baseline 0.005 -21"><span class='ocrx_word' id='word_1_1' title='bbox 254 396 256 403; x_wconf 75' lang='grc'>,</span> <span class='ocrx_word' id='word_1_2' title='bbox 308 332 497 395; x_wconf 80' lang='lat' dir='ltr'><em>Drsrrucr.</em></span> <span class='ocrx_word' id='word_1_3' title='bbox 522 332 604 395; x_wconf 87' lang='lat' dir='ltr'><em>XVI</em></span> <span class='ocrx_word' id='word_1_4' title='bbox 628 330 775 413; x_wconf 73' lang='lat' dir='ltr'><em>Qunsr.</em></span> <span class='ocrx_word' id='word_1_5' title='bbox 801 334 815 396; x_wconf 87' lang='grc' dir='ltr'>Ι</span> <span class='ocrx_word' id='word_1_6' title='bbox 988 346 1049 414; x_wconf 82' lang='lat'><em>275</em></span> 
     </span>
    </p>
   </div>
   <div class='ocr_carea' id='block_1_2' title="bbox 112 537 1075 726">
    <p class='ocr_par' dir='ltr' id='par_1_2' title="bbox 112 537 1075 726">
     <span class='ocr_line' id='line_1_2' title="bbox 177 537 1075 622; baseline 0.003 -23"><span class='ocrx_word' id='word_1_7' title='bbox 177 537 237 599; x_wconf 84' lang='lat' dir='ltr'><em>Ad</em></span> <span class='ocrx_word' id='word_1_8' title='bbox 256 537 399 600; x_wconf 81' lang='lat' dir='ltr'><em>rationes</em></span> <span class='ocrx_word' id='word_1_9' title='bbox 420 537 581 619; x_wconf 85' lang='lat' dir='ltr'><em>opinionis</em></span> <span class='ocrx_word' id='word_1_10' title='bbox 603 537 727 620; x_wconf 88' lang='lat' dir='ltr'><em>patebit</em></span> <span class='ocrx_word' id='word_1_11' title='bbox 749 559 793 601; x_wconf 85' lang='lat' dir='ltr'><em>ex</em></span> <span class='ocrx_word' id='word_1_12' title='bbox 817 556 847 602; x_wconf 91' lang='lat'><em>2.</em></span> <span class='ocrx_word' id='word_1_13' title='bbox 864 539 966 605; x_wconf 88' lang='lat' dir='ltr'><em>concl.</em></span> <span class='ocrx_word' id='word_1_14' title='bbox 983 540 1075 622; x_wconf 91' lang='lat' dir='ltr'><em>quin·</em></span> 
     </span>
     <span class='ocr_line' id='line_1_3' title="bbox 112 644 352 726; baseline -0.004 -19"><span class='ocrx_word' id='word_1_15' title='bbox 112 652 156 707; x_wconf 83' lang='lat' dir='ltr'><em>tae</em></span> <span class='ocrx_word' id='word_1_16' title='bbox 180 644 352 726; x_wconf 85' lang='lat' dir='ltr'><em>opinionis.</em></span> 
     </span>
    </p>
   </div>
   <div class='ocr_carea' id='block_1_3' title="bbox 106 857 1078 2863">
    <p class='ocr_par' dir='ltr' id='par_1_3' title="bbox 109 857 1076 1455">
     <span class='ocr_line' id='line_1_4' title="bbox 208 857 1072 944; baseline 0.001 -22"><span class='ocrx_word' id='word_1_17' title='bbox 208 857 378 944; x_wconf 70' lang='lat' dir='ltr'><em>Quarta</em></span> <span class='ocrx_word' id='word_1_18' title='bbox 400 862 469 924; x_wconf 71' lang='lat' dir='ltr'><em>est</em></span> <span class='ocrx_word' id='word_1_19' title='bbox 485 858 638 942; x_wconf 77' lang='lat' dir='ltr'><em>opinio</em></span> <span class='ocrx_word' id='word_1_20' title='bbox 659 859 750 942; x_wconf 89' lang='lat' dir='ltr'><em>quod</em></span> <span class='ocrx_word' id='word_1_21' title='bbox 774 860 930 941; x_wconf 83' lang='lat' dir='ltr'><em>potentiae</em></span> <span class='ocrx_word' id='word_1_22' title='bbox 953 860 1072 924; x_wconf 88' lang='lat' dir='ltr'><em>animae</em></span> 
     </span>
     <span class='ocr_line' id='line_1_5' title="bbox 109 965 1074 1041; baseline 0.002 -13"><span class='ocrx_word' id='word_1_23' title='bbox 109 975 187 1029; x_wconf 86' lang='lat' dir='ltr'><em>sunt</em></span> <span class='ocrx_word' id='word_1_24' title='bbox 196 966 284 1028; x_wconf 89' lang='lat' dir='ltr'><em>idem</em></span> <span class='ocrx_word' id='word_1_25' title='bbox 297 986 374 1028; x_wconf 91' lang='lat' dir='ltr'><em>cum</em></span> <span class='ocrx_word' id='word_1_26' title='bbox 383 966 518 1028; x_wconf 85' lang='lat' dir='ltr'><em>essentia</em></span> <span class='ocrx_word' id='word_1_27' title='bbox 529 966 648 1028; x_wconf 87' lang='lat' dir='ltr'><em>animae</em></span> <span class='ocrx_word' id='word_1_28' title='bbox 663 986 695 1028; x_wconf 90' lang='lat' dir='ltr'><em>re</em></span> <span class='ocrx_word' id='word_1_29' title='bbox 706 965 863 1041; x_wconf 86' lang='lat' dir='ltr'><em>absolute,</em></span> <span class='ocrx_word' id='word_1_30' title='bbox 876 974 909 1028; x_wconf 93' lang='lat' dir='ltr'><em>et</em></span> <span class='ocrx_word' id='word_1_31' title='bbox 920 965 962 1029; x_wconf 92' lang='lat' dir='ltr'><em>ab</em></span> <span class='ocrx_word' id='word_1_32' title='bbox 976 987 1014 1030; x_wconf 92' lang='lat' dir='ltr'><em>ea</em></span> <span class='ocrx_word' id='word_1_33' title='bbox 1029 968 1074 1030; x_wconf 92' lang='lat' dir='ltr'><em>di·</em></span> 
     </span>
     <span class='ocr_line' id='line_1_6' title="bbox 113 1072 1075 1155; baseline 0.001 -20"><span class='ocrx_word' id='word_1_34' title='bbox 113 1073 309 1154; x_wconf 88' lang='lat' dir='ltr'><em>tinguuntur</em></span> <span class='ocrx_word' id='word_1_35' title='bbox 331 1079 460 1134; x_wconf 88' lang='lat' dir='ltr'><em>tantum</em></span> <span class='ocrx_word' id='word_1_36' title='bbox 495 1072 635 1146; x_wconf 86' lang='lat' dir='ltr'>relative,</span> <span class='ocrx_word' id='word_1_37' title='bbox 667 1072 711 1135; x_wconf 89' lang='lat' dir='ltr'><em>ita</em></span> <span class='ocrx_word' id='word_1_38' title='bbox 745 1073 835 1154; x_wconf 92' lang='lat' dir='ltr'><em>quod</em></span> <span class='ocrx_word' id='word_1_39' title='bbox 870 1073 1017 1155; x_wconf 85' lang='lat' dir='ltr'><em>potentia</em></span> <span class='ocrx_word' id='word_1_40' title='bbox 1040 1094 1075 1136; x_wconf 89' lang='lat' dir='ltr'><em>a·</em></span> 
     </span>
     <span class='ocr_line' id='line_1_7' title="bbox 110 1178 1073 1262; baseline 0.001 -21"><span class='ocrx_word' id='word_1_41' title='bbox 110 1178 211 1241; x_wconf 87' lang='lat' dir='ltr'><em>nimae</em></span> <span class='ocrx_word' id='word_1_42' title='bbox 244 1198 311 1240; x_wconf 88' lang='lat' dir='ltr'><em>non</em></span> <span class='ocrx_word' id='word_1_43' title='bbox 334 1187 383 1240; x_wconf 86' lang='lat' dir='ltr'><em>est</em></span> <span class='ocrx_word' id='word_1_44' title='bbox 416 1178 474 1240; x_wconf 91' lang='lat' dir='ltr'><em>nisi</em></span> <span class='ocrx_word' id='word_1_45' title='bbox 501 1179 638 1241; x_wconf 85' lang='lat' dir='ltr'><em>essentia</em></span> <span class='ocrx_word' id='word_1_46' title='bbox 673 1178 791 1241; x_wconf 87' lang='lat' dir='ltr'><em>animae</em></span> <span class='ocrx_word' id='word_1_47' title='bbox 830 1179 890 1241; x_wconf 93' lang='lat' dir='ltr'><em>sub</em></span> <span class='ocrx_word' id='word_1_48' title='bbox 927 1188 1073 1262; x_wconf 89' lang='lat' dir='ltr'><em>respectu</em></span> 
     </span>
     <span class='ocr_line' id='line_1_8' title="bbox 111 1285 1076 1368; baseline 0.001 -20"><span class='ocrx_word' id='word_1_49' title='bbox 111 1294 246 1368; x_wconf 90' lang='lat' dir='ltr'><em>sumpta</em></span> <span class='ocrx_word' id='word_1_50' title='bbox 269 1285 311 1347; x_wconf 90' lang='lat' dir='ltr'><em>ad</em></span> <span class='ocrx_word' id='word_1_51' title='bbox 323 1285 449 1347; x_wconf 88' lang='lat' dir='ltr'><em>diversa</em></span> <span class='ocrx_word' id='word_1_52' title='bbox 462 1285 670 1368; x_wconf 86' lang='lat' dir='ltr'><em>intelligibilia</em></span> <span class='ocrx_word' id='word_1_53' title='bbox 681 1294 714 1348; x_wconf 91' lang='lat' dir='ltr'><em>et</em></span> <span class='ocrx_word' id='word_1_54' title='bbox 725 1285 874 1348; x_wconf 91' lang='lat' dir='ltr'><em>volibilia.</em></span> <span class='ocrx_word' id='word_1_55' title='bbox 888 1286 952 1347; x_wconf 92' lang='lat' dir='ltr'><em>lsta</em></span> <span class='ocrx_word' id='word_1_56' title='bbox 964 1306 1076 1368; x_wconf 75' lang='lat' dir='ltr'><em>quaere</em></span> 
     </span>
     <span class='ocr_line' id='line_1_9' title="bbox 111 1391 630 1455; baseline 0.002 -1"><span class='ocrx_word' id='word_1_57' title='bbox 111 1393 260 1455; x_wconf 84' lang='lat' dir='ltr'><em>diffusius</em></span> <span class='ocrx_word' id='word_1_58' title='bbox 282 1391 308 1454; x_wconf 92' lang='lat' dir='ltr'><em>si</em></span> <span class='ocrx_word' id='word_1_59' title='bbox 332 1392 436 1454; x_wconf 90' lang='lat' dir='ltr'><em>visin</em></span> <span class='ocrx_word' id='word_1_60' title='bbox 460 1391 630 1455; x_wconf 88' lang='lat' dir='ltr'><em>Gandavo.</em></span> 
     </span>
    </p>

    <p class='ocr_par' dir='ltr' id='par_1_4' title="bbox 106 1497 1078 2863">
     <span class='ocr_line' id='line_1_10' title="bbox 181 1497 1075 1581; baseline -0.002 -19"><span class='ocrx_word' id='word_1_61' title='bbox 181 1497 315 1563; x_wconf 81' lang='lat' dir='ltr'><em>Contra.</em></span> <span class='ocrx_word' id='word_1_62' title='bbox 340 1499 417 1561; x_wconf 90' lang='lat' dir='ltr'><em>Non</em></span> <span class='ocrx_word' id='word_1_63' title='bbox 440 1499 617 1580; x_wconf 87' lang='lat' dir='ltr'><em>quaerimus</em></span> <span class='ocrx_word' id='word_1_64' title='bbox 640 1499 720 1580; x_wconf 92' lang='lat' dir='ltr'><em>quid</em></span> <span class='ocrx_word' id='word_1_65' title='bbox 743 1497 901 1580; x_wconf 84' lang='lat' dir='ltr'><em>significet</em></span> <span class='ocrx_word' id='word_1_66' title='bbox 917 1499 1075 1581; x_wconf 88' lang='lat' dir='ltr'><em>potentia,</em></span> 
     </span>
     <span class='ocr_line' id='line_1_11' title="bbox 108 1606 1075 1693; baseline 0 -24"><span class='ocrx_word' id='word_1_67' title='bbox 108 1608 167 1669; x_wconf 87' lang='lat' dir='ltr'><em>sed</em></span> <span class='ocrx_word' id='word_1_68' title='bbox 191 1608 375 1688; x_wconf 89' lang='lat' dir='ltr'><em>quaerimus</em></span> <span class='ocrx_word' id='word_1_69' title='bbox 398 1606 477 1687; x_wconf 92' lang='lat' dir='ltr'><em>quid</em></span> <span class='ocrx_word' id='word_1_70' title='bbox 500 1606 539 1668; x_wconf 92' lang='lat' dir='ltr'><em>sit</em></span> <span class='ocrx_word' id='word_1_71' title='bbox 563 1606 790 1668; x_wconf 90' lang='lat' dir='ltr'><em>immediatum</em></span> <span class='ocrx_word' id='word_1_72' title='bbox 814 1606 1009 1693; x_wconf 87' lang='lat' dir='ltr'><em>principium</em></span> <span class='ocrx_word' id='word_1_73' title='bbox 1039 1628 1075 1669; x_wconf 92' lang='lat'><em>0-</em></span> 
     </span>
     <span class='ocr_line' id='line_1_12' title="bbox 111 1712 1076 1796; baseline 0 -20"><span class='ocrx_word' id='word_1_74' title='bbox 111 1713 299 1796; x_wconf 81' lang='lat' dir='ltr'><em>perationis.</em></span> <span class='ocrx_word' id='word_1_75' title='bbox 325 1713 370 1775; x_wconf 91' lang='lat' dir='ltr'><em>Et</em></span> <span class='ocrx_word' id='word_1_76' title='bbox 392 1712 466 1774; x_wconf 91' lang='lat' dir='ltr'><em>dico</em></span> <span class='ocrx_word' id='word_1_77' title='bbox 489 1713 578 1794; x_wconf 87' lang='lat' dir='ltr'><em>quod</em></span> <span class='ocrx_word' id='word_1_78' title='bbox 602 1733 669 1775; x_wconf 91' lang='lat' dir='ltr'><em>non</em></span> <span class='ocrx_word' id='word_1_79' title='bbox 708 1720 815 1794; x_wconf 91' lang='lat' dir='ltr'><em>potest</em></span> <span class='ocrx_word' id='word_1_80' title='bbox 847 1733 917 1774; x_wconf 89' lang='lat' dir='ltr'><em>esse</em></span> <span class='ocrx_word' id='word_1_81' title='bbox 938 1714 1076 1776; x_wconf 85' lang='lat' dir='ltr'><em>essentia</em></span> 
     </span>
     <span class='ocr_line' id='line_1_13' title="bbox 110 1819 1076 1902; baseline 0 -20"><span class='ocrx_word' id='word_1_82' title='bbox 110 1821 233 1883; x_wconf 87' lang='lat' dir='ltr'><em>animae</em></span> <span class='ocrx_word' id='word_1_83' title='bbox 256 1840 333 1882; x_wconf 93' lang='lat' dir='ltr'><em>cum</em></span> <span class='ocrx_word' id='word_1_84' title='bbox 358 1828 504 1901; x_wconf 89' lang='lat' dir='ltr'><em>respectu</em></span> <span class='ocrx_word' id='word_1_85' title='bbox 528 1827 707 1900; x_wconf 89' lang='lat' dir='ltr'><em>assumpt0,</em></span> <span class='ocrx_word' id='word_1_86' title='bbox 736 1819 812 1900; x_wconf 90' lang='lat' dir='ltr'><em>qula</em></span> <span class='ocrx_word' id='word_1_87' title='bbox 849 1819 943 1882; x_wconf 88' lang='lat' dir='ltr'><em>unius</em></span> <span class='ocrx_word' id='word_1_88' title='bbox 966 1842 1076 1902; x_wconf 89' lang='lat' dir='ltr'><em>opera-</em></span> 
     </span>
     <span class='ocr_line' id='line_1_14' title="bbox 110 1926 1076 2008; baseline 0 -19"><span class='ocrx_word' id='word_1_89' title='bbox 110 1927 210 1990; x_wconf 89' lang='lat' dir='ltr'><em>tionis</em></span> <span class='ocrx_word' id='word_1_90' title='bbox 234 1935 282 1988; x_wconf 91' lang='lat' dir='ltr'><em>est</em></span> <span class='ocrx_word' id='word_1_91' title='bbox 305 1947 408 1988; x_wconf 90' lang='lat' dir='ltr'><em>unum</em></span> <span class='ocrx_word' id='word_1_92' title='bbox 433 1946 489 2008; x_wconf 86' lang='lat' dir='ltr'><em>per</em></span> <span class='ocrx_word' id='word_1_93' title='bbox 512 1947 546 1988; x_wconf 89' lang='lat' dir='ltr'><em>se</em></span> <span class='ocrx_word' id='word_1_94' title='bbox 580 1926 775 2008; x_wconf 88' lang='lat' dir='ltr'><em>principium</em></span> <span class='ocrx_word' id='word_1_95' title='bbox 810 1946 867 2007; x_wconf 93' lang='lat' dir='ltr'><em>per</em></span> <span class='ocrx_word' id='word_1_96' title='bbox 903 1926 1076 1990; x_wconf 89' lang='lat' dir='ltr'><em>Commen-</em></span> 
     </span>
     <span class='ocr_line' id='line_1_15' title="bbox 107 2032 1076 2116; baseline 0 -20"><span class='ocrx_word' id='word_1_97' title='bbox 107 2042 254 2096; x_wconf 83' lang='lat' dir='ltr'><em>tatorem</em></span> <span class='ocrx_word' id='word_1_98' title='bbox 274 2052 309 2116; x_wconf 72' lang='lat'><em>5.</em></span> <span class='ocrx_word' id='word_1_99' title='bbox 333 2032 453 2114; x_wconf 77' lang='lat' dir='ltr'><em>Phys.;</em></span> <span class='ocrx_word' id='word_1_100' title='bbox 478 2034 534 2096; x_wconf 92' lang='lat' dir='ltr'><em>sed</em></span> <span class='ocrx_word' id='word_1_101' title='bbox 561 2033 698 2096; x_wconf 85' lang='lat' dir='ltr'><em>essentia</em></span> <span class='ocrx_word' id='word_1_102' title='bbox 733 2053 809 2094; x_wconf 92' lang='lat' dir='ltr'><em>cum</em></span> <span class='ocrx_word' id='word_1_103' title='bbox 838 2042 984 2114; x_wconf 88' lang='lat' dir='ltr'><em>respectu</em></span> <span class='ocrx_word' id='word_1_104' title='bbox 1009 2055 1076 2096; x_wconf 90' lang='lat' dir='ltr'><em>non</em></span> 
     </span>
     <span class='ocr_line' id='line_1_16' title="bbox 111 2140 1076 2222; baseline -0.002 -19"><span class='ocrx_word' id='word_1_105' title='bbox 111 2141 191 2203; x_wconf 80' lang='lat' dir='ltr'><em>facit</em></span> <span class='ocrx_word' id='word_1_106' title='bbox 215 2160 272 2222; x_wconf 88' lang='lat' dir='ltr'><em>per</em></span> <span class='ocrx_word' id='word_1_107' title='bbox 296 2156 330 2202; x_wconf 90' lang='lat' dir='ltr'><em>se</em></span> <span class='ocrx_word' id='word_1_108' title='bbox 360 2160 474 2214; x_wconf 87' lang='lat' dir='ltr'><em>unum,</em></span> <span class='ocrx_word' id='word_1_109' title='bbox 510 2140 586 2221; x_wconf 89' lang='lat' dir='ltr'><em>quia</em></span> <span class='ocrx_word' id='word_1_110' title='bbox 619 2149 780 2221; x_wconf 85' lang='lat' dir='ltr'><em>aggregat</em></span> <span class='ocrx_word' id='word_1_111' title='bbox 803 2160 852 2201; x_wconf 89' lang='lat' dir='ltr'><em>res</em></span> <span class='ocrx_word' id='word_1_112' title='bbox 875 2140 1076 2202; x_wconf 89' lang='lat' dir='ltr'><em>diversorum</em></span> 
     </span>
     <span class='ocr_line' id='line_1_17' title="bbox 111 2246 1077 2330; baseline -0.002 -20"><span class='ocrx_word' id='word_1_113' title='bbox 111 2267 283 2330; x_wconf 89' lang='lat' dir='ltr'><em>generum.</em></span> <span class='ocrx_word' id='word_1_114' title='bbox 307 2246 480 2320; x_wconf 78' lang='lat' dir='ltr'><em>Proteroa,</em></span> <span class='ocrx_word' id='word_1_115' title='bbox 504 2246 563 2308; x_wconf 90' lang='lat' dir='ltr'><em>iste</em></span> <span class='ocrx_word' id='word_1_116' title='bbox 586 2247 679 2328; x_wconf 92' lang='lat' dir='ltr'><em>ponit</em></span> <span class='ocrx_word' id='word_1_117' title='bbox 713 2247 803 2327; x_wconf 93' lang='lat' dir='ltr'><em>quod</em></span> <span class='ocrx_word' id='word_1_118' title='bbox 837 2248 988 2309; x_wconf 90' lang='lat' dir='ltr'><em>voluntas</em></span> <span class='ocrx_word' id='word_1_119' title='bbox 1011 2267 1077 2308; x_wconf 90' lang='lat' dir='ltr'><em>rea-</em></span> 
     </span>
     <span class='ocr_line' id='line_1_18' title="bbox 111 2352 1074 2434; baseline -0.002 -18"><span class='ocrx_word' id='word_1_120' title='bbox 111 2355 184 2416; x_wconf 90' lang='lat' dir='ltr'><em>liter</em></span> <span class='ocrx_word' id='word_1_121' title='bbox 207 2362 256 2415; x_wconf 88' lang='lat' dir='ltr'><em>est</em></span> <span class='ocrx_word' id='word_1_122' title='bbox 279 2352 416 2415; x_wconf 87' lang='lat' dir='ltr'><em>nobilior</em></span> <span class='ocrx_word' id='word_1_123' title='bbox 439 2353 619 2428; x_wconf 85' lang='lat' dir='ltr'><em>intellectu;</em></span> <span class='ocrx_word' id='word_1_124' title='bbox 644 2353 738 2434; x_wconf 87' lang='lat' dir='ltr'><em>ponit</em></span> <span class='ocrx_word' id='word_1_125' title='bbox 761 2353 858 2414; x_wconf 89' lang='lat' dir='ltr'><em>etiam</em></span> <span class='ocrx_word' id='word_1_126' title='bbox 884 2354 975 2434; x_wconf 91' lang='lat' dir='ltr'><em>quod</em></span> <span class='ocrx_word' id='word_1_127' title='bbox 999 2353 1074 2414; x_wconf 91' lang='lat' dir='ltr'><em>rela-</em></span> 
     </span>
     <span class='ocr_line' id='line_1_19' title="bbox 107 2458 1076 2530; baseline -0.002 -8"><span class='ocrx_word' id='word_1_128' title='bbox 107 2462 160 2522; x_wconf 85' lang='lat' dir='ltr'><em>tio</em></span> <span class='ocrx_word' id='word_1_129' title='bbox 184 2460 310 2523; x_wconf 88' lang='lat' dir='ltr'><em>realiter</em></span> <span class='ocrx_word' id='word_1_130' title='bbox 332 2469 380 2521; x_wconf 87' lang='lat' dir='ltr'><em>est</em></span> <span class='ocrx_word' id='word_1_131' title='bbox 403 2460 518 2521; x_wconf 92' lang='lat' dir='ltr'><em>eadem</em></span> <span class='ocrx_word' id='word_1_132' title='bbox 541 2480 617 2521; x_wconf 90' lang='lat' dir='ltr'><em>cum</em></span> <span class='ocrx_word' id='word_1_133' title='bbox 641 2480 701 2522; x_wconf 88' lang='lat' dir='ltr'><em>suo</em></span> <span class='ocrx_word' id='word_1_134' title='bbox 731 2458 956 2520; x_wconf 79' lang='lat' dir='ltr'><em>fundamento,</em></span> <span class='ocrx_word' id='word_1_135' title='bbox 980 2459 1076 2530; x_wconf 88' lang='lat' dir='ltr'><em>Tunc</em></span> 
     </span>
     <span class='ocr_line' id='line_1_20' title="bbox 106 2565 1078 2649; baseline -0.003 -19"><span class='ocrx_word' id='word_1_136' title='bbox 106 2588 219 2649; x_wconf 87' lang='lat' dir='ltr'><em>arguo</em></span> <span class='ocrx_word' id='word_1_137' title='bbox 241 2566 304 2629; x_wconf 91' lang='lat' dir='ltr'><em>sic:</em></span> <span class='ocrx_word' id='word_1_138' title='bbox 328 2587 403 2648; x_wconf 86' lang='lat' dir='ltr'><em>quae</em></span> <span class='ocrx_word' id='word_1_139' title='bbox 431 2575 507 2628; x_wconf 88' lang='lat' dir='ltr'><em>sunt</em></span> <span class='ocrx_word' id='word_1_140' title='bbox 541 2566 627 2628; x_wconf 90' lang='lat' dir='ltr'><em>idem</em></span> <span class='ocrx_word' id='word_1_141' title='bbox 663 2567 788 2628; x_wconf 89' lang='lat' dir='ltr'><em>realiter</em></span> <span class='ocrx_word' id='word_1_142' title='bbox 823 2566 927 2627; x_wconf 92' lang='lat' dir='ltr'><em>eidem</em></span> <span class='ocrx_word' id='word_1_143' title='bbox 963 2565 1078 2627; x_wconf 87' lang='lat' dir='ltr'><em>funda-</em></span> 
     </span>
     <span class='ocr_line' id='line_1_21' title="bbox 108 2673 1076 2750; baseline -0.001 -14"><span class='ocrx_word' id='word_1_144' title='bbox 108 2682 228 2736; x_wconf 91' lang='lat' dir='ltr'><em>mento</em></span> <span class='ocrx_word' id='word_1_145' title='bbox 252 2693 355 2734; x_wconf 92' lang='lat' dir='ltr'><em>unum</em></span> <span class='ocrx_word' id='word_1_146' title='bbox 379 2693 444 2735; x_wconf 91' lang='lat' dir='ltr'><em>non</em></span> <span class='ocrx_word' id='word_1_147' title='bbox 468 2681 517 2734; x_wconf 90' lang='lat' dir='ltr'><em>est</em></span> <span class='ocrx_word' id='word_1_148' title='bbox 540 2673 678 2735; x_wconf 90' lang='lat' dir='ltr'><em>nobilius</em></span> <span class='ocrx_word' id='word_1_149' title='bbox 706 2673 806 2734; x_wconf 90' lang='lat' dir='ltr'><em>altero</em></span> <span class='ocrx_word' id='word_1_150' title='bbox 842 2673 983 2750; x_wconf 89' lang='lat' dir='ltr'><em>realiter;</em></span> <span class='ocrx_word' id='word_1_151' title='bbox 1019 2674 1076 2735; x_wconf 92' lang='lat' dir='ltr'><em>sed</em></span> 
     </span>
     <span class='ocr_line' id='line_1_22' title="bbox 109 2779 1075 2863; baseline -0.001 -21"><span class='ocrx_word' id='word_1_152' title='bbox 109 2802 170 2863; x_wconf 91' lang='lat' dir='ltr'><em>per</em></span> <span class='ocrx_word' id='word_1_153' title='bbox 194 2788 227 2842; x_wconf 90' lang='lat' dir='ltr'><em>te</em></span> <span class='ocrx_word' id='word_1_154' title='bbox 250 2780 401 2842; x_wconf 89' lang='lat' dir='ltr'><em>voluntas</em></span> <span class='ocrx_word' id='word_1_155' title='bbox 423 2789 472 2842; x_wconf 93' lang='lat' dir='ltr'><em>est</em></span> <span class='ocrx_word' id='word_1_156' title='bbox 488 2780 612 2841; x_wconf 89' lang='lat' dir='ltr'><em>realiter</em></span> <span class='ocrx_word' id='word_1_157' title='bbox 625 2779 761 2842; x_wconf 90' lang='lat' dir='ltr'><em>nobilior</em></span> <span class='ocrx_word' id='word_1_158' title='bbox 784 2780 965 2856; x_wconf 88' lang='lat' dir='ltr'><em>intellectu;</em></span> <span class='ocrx_word' id='word_1_159' title='bbox 986 2800 1075 2862; x_wconf 89' lang='lat' dir='ltr'><em>ergo.</em></span> 
     </span>
    </p>
   </div>
   <div class='ocr_carea' id='block_1_4' title="bbox 107 2992 1076 3934">
    <p class='ocr_par' dir='ltr' id='par_1_5' title="bbox 107 2992 1075 3395">
     <span class='ocr_line' id='line_1_23' title="bbox 180 2992 1074 3076; baseline -0.001 -17"><span class='ocrx_word' id='word_1_160' title='bbox 180 2993 313 3060; x_wconf 79' lang='lat' dir='ltr'><em>Nune</em></span> <span class='ocrx_word' id='word_1_161' title='bbox 335 2997 475 3060; x_wconf 76' lang='lat' dir='ltr'><em>restat</em></span> <span class='ocrx_word' id='word_1_162' title='bbox 487 3010 653 3076; x_wconf 79' lang='lat' dir='ltr'><em>ponere</em></span> <span class='ocrx_word' id='word_1_163' title='bbox 676 2993 881 3076; x_wconf 66' lang='lat' dir='ltr'><em>quintam</em></span> <span class='ocrx_word' id='word_1_164' title='bbox 908 2992 1074 3076; x_wconf 75' lang='lat' dir='ltr'><em>opinio-</em></span> 
     </span>
     <span class='ocr_line' id='line_1_24' title="bbox 107 3100 1072 3182; baseline -0.009 -12"><span class='ocrx_word' id='word_1_165' title='bbox 107 3121 214 3169; x_wconf 77' lang='lat' dir='ltr'><em>nem</em></span> <span class='ocrx_word' id='word_1_166' title='bbox 230 3122 332 3182; x_wconf 88' lang='lat' dir='ltr'><em>quam</em></span> <span class='ocrx_word' id='word_1_167' title='bbox 344 3109 449 3175; x_wconf 81' lang='lat' dir='ltr'><em>tenen,</em></span> <span class='ocrx_word' id='word_1_168' title='bbox 462 3109 495 3162; x_wconf 91' lang='lat' dir='ltr'><em>et</em></span> <span class='ocrx_word' id='word_1_169' title='bbox 506 3100 580 3162; x_wconf 90' lang='lat' dir='ltr'><em>dico</em></span> <span class='ocrx_word' id='word_1_170' title='bbox 592 3100 674 3162; x_wconf 88' lang='lat' dir='ltr'><em>duas</em></span> <span class='ocrx_word' id='word_1_171' title='bbox 687 3101 924 3162; x_wconf 87' lang='lat' dir='ltr'><em>conclusiones:</em></span> <span class='ocrx_word' id='word_1_172' title='bbox 942 3100 1072 3173; x_wconf 83' lang='lat' dir='ltr'><em>Primo,</em></span> 
     </span>
     <span class='ocr_line' id='line_1_25' title="bbox 113 3207 1075 3292; baseline -0.005 -19"><span class='ocrx_word' id='word_1_173' title='bbox 113 3210 206 3292; x_wconf 89' lang='lat' dir='ltr'><em>quod</em></span> <span class='ocrx_word' id='word_1_174' title='bbox 231 3208 294 3270; x_wconf 85' lang='lat' dir='ltr'><em>illae</em></span> <span class='ocrx_word' id='word_1_175' title='bbox 318 3208 473 3290; x_wconf 87' lang='lat' dir='ltr'><em>potentiae</em></span> <span class='ocrx_word' id='word_1_176' title='bbox 497 3217 574 3269; x_wconf 91' lang='lat' dir='ltr'><em>sunt</em></span> <span class='ocrx_word' id='word_1_177' title='bbox 608 3207 694 3268; x_wconf 92' lang='lat' dir='ltr'><em>idem</em></span> <span class='ocrx_word' id='word_1_178' title='bbox 730 3207 761 3268; x_wconf 92' lang='lat' dir='ltr'><em>in</em></span> <span class='ocrx_word' id='word_1_179' title='bbox 796 3207 932 3269; x_wconf 88' lang='lat' dir='ltr'><em>essentia</em></span> <span class='ocrx_word' id='word_1_180' title='bbox 955 3207 1075 3268; x_wconf 83' lang='lat' dir='ltr'><em>animae</em></span> 
     </span>
     <span class='ocr_line' id='line_1_26' title="bbox 109 3312 1029 3395; baseline -0.004 -17"><span class='ocrx_word' id='word_1_181' title='bbox 109 3317 250 3380; x_wconf 85' lang='lat' dir='ltr'><em>realiter.</em></span> <span class='ocrx_word' id='word_1_182' title='bbox 276 3314 435 3387; x_wconf 85' lang='lat' dir='ltr'><em>Secunda,</em></span> <span class='ocrx_word' id='word_1_183' title='bbox 459 3314 550 3395; x_wconf 86' lang='lat' dir='ltr'><em>quod</em></span> <span class='ocrx_word' id='word_1_184' title='bbox 572 3313 816 3395; x_wconf 86' lang='lat' dir='ltr'><em>distinguuntur</em></span> <span class='ocrx_word' id='word_1_185' title='bbox 843 3312 1029 3375; x_wconf 87' lang='lat' dir='ltr'><em>formaliter.</em></span> 
     </span>
    </p>

    <p class='ocr_par' dir='ltr' id='par_1_6' title="bbox 108 3417 1076 3934">
     <span class='ocr_line' id='line_1_27' title="bbox 178 3417 1076 3501; baseline -0.011 -11"><span class='ocrx_word' id='word_1_186' title='bbox 178 3419 323 3491; x_wconf 78' lang='lat' dir='ltr'><em>Prima</em></span> <span class='ocrx_word' id='word_1_187' title='bbox 359 3417 555 3488; x_wconf 75' lang='lat' dir='ltr'><em>Conclusio</em></span> <span class='ocrx_word' id='word_1_188' title='bbox 578 3420 735 3501; x_wconf 88' lang='lat' dir='ltr'><em>probatur</em></span> <span class='ocrx_word' id='word_1_189' title='bbox 771 3420 833 3482; x_wconf 91' lang='lat' dir='ltr'><em>sic:</em></span> <span class='ocrx_word' id='word_1_190' title='bbox 859 3440 924 3480; x_wconf 90' lang='lat' dir='ltr'><em>non</em></span> <span class='ocrx_word' id='word_1_191' title='bbox 947 3428 996 3481; x_wconf 87' lang='lat' dir='ltr'><em>est</em></span> <span class='ocrx_word' id='word_1_192' title='bbox 1019 3439 1076 3500; x_wconf 94' lang='lat' dir='ltr'><em>po-</em></span> 
     </span>
     <span class='ocr_line' id='line_1_28' title="bbox 109 3525 1076 3611; baseline -0.007 -17"><span class='ocrx_word' id='word_1_193' title='bbox 109 3531 221 3594; x_wconf 88' lang='lat' dir='ltr'><em>nenda</em></span> <span class='ocrx_word' id='word_1_194' title='bbox 244 3528 411 3611; x_wconf 86' lang='lat' dir='ltr'><em>pluralitas</em></span> <span class='ocrx_word' id='word_1_195' title='bbox 433 3526 501 3589; x_wconf 90' lang='lat' dir='ltr'><em>sine</em></span> <span class='ocrx_word' id='word_1_196' title='bbox 524 3527 728 3605; x_wconf 88' lang='lat' dir='ltr'><em>necessitate;</em></span> <span class='ocrx_word' id='word_1_197' title='bbox 753 3526 809 3588; x_wconf 87' lang='lat' dir='ltr'><em>sed</em></span> <span class='ocrx_word' id='word_1_198' title='bbox 834 3525 885 3587; x_wconf 92' lang='lat' dir='ltr'><em>hic</em></span> <span class='ocrx_word' id='word_1_199' title='bbox 917 3525 1004 3586; x_wconf 86' lang='lat' dir='ltr'><em>nulla</em></span> <span class='ocrx_word' id='word_1_200' title='bbox 1027 3535 1076 3587; x_wconf 91' lang='lat' dir='ltr'><em>est</em></span> 
     </span>
     <span class='ocr_line' id='line_1_29' title="bbox 111 3631 1075 3716; baseline -0.007 -16"><span class='ocrx_word' id='word_1_201' title='bbox 111 3636 286 3700; x_wconf 85' lang='lat' dir='ltr'><em>necessitas</em></span> <span class='ocrx_word' id='word_1_202' title='bbox 309 3635 351 3697; x_wconf 89' lang='lat' dir='ltr'><em>ad</em></span> <span class='ocrx_word' id='word_1_203' title='bbox 376 3634 565 3716; x_wconf 91' lang='lat' dir='ltr'><em>ponendum</em></span> <span class='ocrx_word' id='word_1_204' title='bbox 590 3633 828 3695; x_wconf 87' lang='lat' dir='ltr'><em>distinctionem</em></span> <span class='ocrx_word' id='word_1_205' title='bbox 845 3633 963 3693; x_wconf 92' lang='lat' dir='ltr'><em>realem</em></span> <span class='ocrx_word' id='word_1_206' title='bbox 981 3631 1013 3692; x_wconf 91' lang='lat' dir='ltr'><em>in</em></span> <span class='ocrx_word' id='word_1_207' title='bbox 1037 3631 1075 3693; x_wconf 89' lang='lat' dir='ltr'><em>is·</em></span> 
     </span>
     <span class='ocr_line' id='line_1_30' title="bbox 108 3737 1073 3826; baseline -0.007 -19"><span class='ocrx_word' id='word_1_208' title='bbox 108 3746 152 3807; x_wconf 85' lang='lat' dir='ltr'><em>tis</em></span> <span class='ocrx_word' id='word_1_209' title='bbox 182 3743 346 3826; x_wconf 89' lang='lat' dir='ltr'><em>potentiis,</em></span> <span class='ocrx_word' id='word_1_210' title='bbox 379 3751 415 3803; x_wconf 90' lang='lat' dir='ltr'><em>ut</em></span> <span class='ocrx_word' id='word_1_211' title='bbox 449 3749 539 3822; x_wconf 87' lang='lat' dir='ltr'><em>patet</em></span> <span class='ocrx_word' id='word_1_212' title='bbox 570 3761 627 3822; x_wconf 92' lang='lat' dir='ltr'><em>per</em></span> <span class='ocrx_word' id='word_1_213' title='bbox 663 3739 935 3821; x_wconf 90' lang='lat' dir='ltr'><em>improbationem</em></span> <span class='ocrx_word' id='word_1_214' title='bbox 971 3737 1073 3800; x_wconf 90' lang='lat' dir='ltr'><em>dicta-</em></span> 
     </span>
     <span class='ocr_line' id='line_1_31' title="bbox 109 3850 535 3934; baseline -0.009 -22"><span class='ocrx_word' id='word_1_215' title='bbox 109 3872 187 3913; x_wconf 84' lang='lat' dir='ltr'><em>rum</em></span> <span class='ocrx_word' id='word_1_216' title='bbox 210 3850 422 3934; x_wconf 90' lang='lat' dir='ltr'><em>opinionum;</em></span> <span class='ocrx_word' id='word_1_217' title='bbox 446 3867 535 3928; x_wconf 90' lang='lat' dir='ltr'><em>erg0.</em></span> 
     </span>
    </p>
   </div>
   <div class='ocr_carea' id='block_1_5' title="bbox 0 0 1324 4267">
    <p class='ocr_par' dir='ltr' id='par_1_7' title="bbox 0 0 1324 4267">
     <span class='ocr_line' id='line_1_32' title="bbox 0 0 1324 4267; baseline 0 0"><span class='ocrx_word' id='word_1_218' title='bbox 0 0 1324 4267; x_wconf 95' lang='lat' dir='ltr'><em> </em></span> 
     </span>
    </p>
   </div>
  </div>
 </body>
</html>
