2634 4267
284 304 343 367 132
413 310 417 319 ¹
546 283 621 352 Lm.
646 287 676 349 ΙΙ
701 285 995 350 Ssurenrmnun
1027 279 1031 286 '

257 513 325 557 non
347 494 425 556 dicit
447 513 517 556 esse
540 514 559 556 a
583 513 682 555 causa
706 511 771 554 non
794 491 981 565 discursiva,
1006 512 1068 554 nec
1093 513 1224 572 compa-

257 601 377 675 rativa;
413 600 470 662 sed
504 599 679 663 intellectio
713 608 762 661 est
791 597 863 661 talis
897 607 998 672 actus,
1024 598 1224 679 phantasma

258 714 460 769 autemnon
484 703 643 778 discurrit,
669 724 729 767 nec
752 704 933 786 syllogizat,
958 725 1018 766 nec
1042 713 1223 786 comparat,

259 832 319 876 nec
342 811 463 874 format
486 811 658 875 relationes
682 810 831 886 rationis;
856 831 945 893 ergo,

330 919 434 981 Tertio
450 919 511 980 sic:
536 926 615 980 tunc
631 917 778 998 sequitur
791 918 881 998 quod
905 917 937 979 in
954 918 1074 998 angelo
1099 917 1133 980 in
1151 938 1218 998 quo

259 1045 326 1088 non
349 1034 397 1087 est
421 1024 616 1106 phantasma
640 1044 707 1086 non
730 1033 813 1086 esset
836 1044 922 1086 nova
937 1024 1124 1102 intellectio,
1150 1024 1225 1106 quia

260 1152 396 1195 movens
418 1140 451 1194 et
475 1140 604 1193 motum
628 1151 695 1192 non
719 1139 825 1193 essent
848 1131 999 1197 distincta
1022 1131 1183 1211 subjecto

331 1237 456 1314 Quarto
479 1247 593 1300 contra
617 1237 705 1298 illam
730 1238 918 1319 opinionem
943 1246 1083 1319 possunt
1107 1237 1225 1300 adduci

260 1345 400 1408 rationes
424 1343 685 1406 fundamentales
708 1344 824 1424 primae
848 1344 1019 1426 opinionis.

330 1447 450 1520 Tertio
465 1453 522 1516 est
542 1447 673 1534 opinio
696 1446 863 1518 Henrz'cz'
875 1451 931 1532 qui
955 1451 1042 1525 dicit,
1063 1452 1158 1532 quod
1171 1451 1226 1512 du-

261 1560 339 1642 plex
362 1567 411 1620 est
434 1557 618 1626 intellectio,
644 1577 709 1618 una
732 1557 879 1639 simplex,
898 1567 930 1620 et
954 1556 1100 1632 confusa,
1126 1558 1224 1620 altera

260 1664 437 1728 discursiva
460 1673 493 1726 et
528 1663 699 1739 distincta3
725 1672 872 1744 respectu
894 1664 1019 1745 primae,
1044 1664 1227 1726 intellectus

259 1781 309 1834 est
320 1770 476 1852 passivus,
489 1778 635 1851 respectu
650 1770 813 1843 secundae,
830 1770 1069 1832 intellectusest
1087 1771 1223 1833 activus.

333 1875 462 1950 Contra,
486 1885 544 1938 aut
566 1875 748 1938 intellectus
765 1875 868 1938 factus
892 1876 924 1937 in
948 1885 1022 1938 actu
1041 1878 1223 1939 secundum

262 1984 410 2046 notitiam
435 1983 572 2066 primam
596 1981 766 2044 confusam
790 1992 839 2045 est
869 1983 995 2045 activus
1026 1983 1148 2045 virtute
1178 1982 1223 2044 sui

262 2099 408 2171 respectu
434 2088 658 2151 intellectionis
682 2089 845 2173 secundae,
870 2098 928 2150 aut
950 2089 1069 2152 virtute
1101 2089 1225 2152 notitiae

262 2197 377 2278 primae
401 2194 555 2257 confusae.
586 2194 627 2256 Si
654 2196 764 2275 primo
795 2195 886 2257 modo
917 2196 1045 2258 videtur
1076 2196 1224 2258 inconve-

263 2304 362 2378 niens
387 2302 477 2384 quod
501 2302 682 2364 intellectus
697 2303 738 2364 de
762 2323 796 2364 se
819 2302 920 2383 possit
943 2323 1012 2365 esse
1035 2303 1163 2365 activus
1179 2323 1226 2364 re-

262 2419 375 2492 spectu
399 2410 561 2483 secundae,
585 2418 618 2471 et
630 2429 696 2470 non
712 2418 859 2490 respectu
884 2409 1010 2491 primae,
1027 2410 1105 2491 quia
1120 2411 1226 2491 prima

262 2525 311 2580 est
334 2515 503 2598 perfectior
519 2516 673 2586 secunda,
690 2525 723 2578 et
746 2516 892 2597 ejusdem
906 2515 1048 2590 rationis,
1070 2537 1148 2578 cum
1165 2517 1226 2578 sint

262 2623 408 2704 ejusdem
433 2623 560 2702 objecti.
586 2622 620 2686 Si
643 2643 724 2705 ergo
749 2631 857 2704 potest
880 2643 948 2685 esse
972 2623 1159 2686 causativus
1183 2643 1228 2684 re·

264 2737 376 2812 spectu
401 2728 515 2810 primae
539 2729 580 2790 de
603 2750 646 2802 se,
674 2731 777 2792 multo
806 2729 911 2810 magis
945 2739 1093 2811 respectu
1117 2750 1226 2792 secun-

264 2837 326 2899 dae.
358 2835 399 2898 Si
419 2837 555 2897 secundo
578 2837 679 2910 modo,
704 2845 833 2899 contra:
859 2837 984 2898 nullum
1008 2836 1227 2918 imperfectius

265 2950 372 3024 potest
395 2962 463 3003 esse
487 2941 630 3004 formalis
653 2943 734 3004 ratio
758 2943 910 3004 causandi
927 2951 1038 3004 actum
1062 2941 1227 3024 perfectio

266 3070 352 3126 rem;
379 3048 435 3110 sed
459 3048 603 3130 cognitio
627 3048 780 3111 distincta
810 3057 859 3112 est
882 3049 1019 3110 nobilior
1042 3049 1228 3132 cognitione

266 3155 417 3218 confusa:
442 3175 531 3237 ergo

335 3257 480 3346 Quarto
503 3263 559 3328 est
580 3258 710 3347 optuli>
737 3258 885 3330 Thoante
909 3271 941 3324 et
954 3262 1078 3345 AEgidii
1102 3264 1160 3344 qui
1182 3263 1227 3325 di·

264 3377 343 3430 cunt
365 3368 564 3430 intellectum
588 3389 656 3430 esse
681 3388 761 3449 pure
777 3369 953 3450 passivum,
973 3369 1162 3432 discordant
1177 3391 1226 3432 au-

264 3486 332 3538 tem
356 3475 418 3537 isti.
433 3474 519 3555 Quia
531 3475 678 3537 Thomas
691 3475 769 3538 dicit
792 3476 881 3557 quod
899 3476 1054 3556 objectun
1078 3477 1227 3540 determi-

266 3592 322 3644 nat
345 3582 545 3644 intellectum
561 3591 594 3643 et
617 3590 665 3643 est
689 3583 771 3643 ratio
795 3583 951 3664 gignendi
968 3583 1226 3648 intellectionem.

267 3689 421 3771 AEgidius
444 3697 554 3749 autem
579 3687 673 3769 ponit
704 3688 782 3750 illud
814 3689 954 3771 speciem
978 3690 1175 3754 existentem
1196 3691 1227 3752 in
