2634 4267
350 273 535 337 D1sn1ncn.
562 275 590 337 11
616 273 761 356 QvAEsn.
787 275 817 337 ΙΙ
1020 289 1060 355 73

104 477 138 540 in
162 479 238 540 loco
264 480 576 553 commensurative,
600 480 677 562 quia
700 480 881 543 nonhabet
905 489 1031 563 partem
1048 489 1082 542 et

109 594 241 665 partem
269 586 347 648 loci.

174 693 230 755 De
255 702 379 774 quarta
402 692 475 755 dico
498 694 588 775 quod
611 694 747 776 angelus
769 694 949 756 necessario
972 703 1021 757 est
1050 693 1084 755 in

105 798 171 861 hoc
195 801 250 861 vel
278 800 336 862 illo
360 801 441 873 loco,
465 801 541 881 quia
565 820 630 862 non
654 809 703 862 est
727 800 861 882 ubique.

177 906 233 969 De
276 906 393 987 quinta
423 906 609 969 conditione
638 907 712 969 dico
751 906 842 987 quod
873 907 1023 988 quamvis
1053 908 1087 969 in

106 1014 232 1095 angelo
268 1013 311 1075 sit
343 1014 487 1093 potentia
518 1014 645 1096 passiva
668 1014 710 1075 ad
741 1013 914 1075 essendum
938 1013 971 1075 in
1003 1013 1086 1088 loc0‚

108 1141 177 1182 non
202 1128 322 1181 tamen
347 1120 524 1182 necessario
540 1129 589 1182 est
612 1120 644 1182 in
657 1121 729 1182 loco
745 1120 873 1204 actuali,
891 1120 969 1202 quia
997 1109 1088 1181 Deus

109 1236 225 1307 posset
253 1233 365 1289 cr'eare
389 1246 492 1288 unum
516 1227 671 1308 angelum
694 1235 788 1289 extra
818 1235 926 1288 totum
959 1227 1086 1288 univer·

107 1354 199 1408 sum,
226 1344 266 1397 et
288 1343 368 1395 tunc
392 1353 458 1394 non
481 1342 566 1395 esset
588 1334 621 1394 in
645 1334 718 1395 loco
741 1334 870 1396 actuali.

181 1442 238 1504 De
265 1448 368 1513 sexta,
392 1440 514 1501 scilicet
536 1440 562 1501 si
586 1441 722 1521 angelus
745 1440 848 1521 possit
863 1460 932 1501 esse
955 1439 987 1501 in
1016 1440 1089 1502 loco

110 1548 250 1629 aequali,
277 1567 353 1608 cum
377 1546 446 1627 ipse
469 1546 508 1607 sit
525 1546 736 1622 indivisibilis,
753 1556 802 1609 est
819 1546 924 1626 majus
940 1546 1087 1608 dubium.

113 1654 262 1716 Videtur
286 1654 372 1715 enim
398 1653 595 1735 quibusdam
620 1653 710 1735 quod
734 1654 869 1735 angelus
894 1674 960 1715 non
988 1652 1090 1734 possit

111 1782 186 1824 esse
211 1762 246 1823 in
273 1761 345 1822 loco
361 1760 543 1822 indivisibili
561 1769 641 1841 puta
664 1760 697 1822 in
714 1770 847 1843 puncto,
862 1761 906 1823 Et
916 1759 1084 1841 probatur,

112 1868 196 1949 quia
221 1868 314 1930 locus
336 1876 386 1929 est
411 1867 515 1947 major
538 1868 665 1945 locato;
690 1868 746 1929 sed
778 1876 919 1948 punctus
950 1888 1015 1929 non
1039 1876 1088 1928 est

116 1974 228 2056 major
259 1973 394 2055 angelo;
419 1993 507 2054 ergo
534 2009 580 2019 -
603 1973 760 2048 Secunde,
792 1974 869 2056 quia
900 1972 1090 2035 indivisibile

113 2080 229 2163 tangit
253 2080 444 2143 indivisibile
460 2081 642 2142 secundum
659 2101 693 2142 se
715 2089 834 2154 totum,
858 2089 890 2142 et
913 2089 992 2142 tunc
1007 2088 1105 2170 esset!

119 2186 257 2269 illapsus
273 2187 362 2269 quod
379 2208 445 2249 non
461 2188 617 2249 convenit
634 2196 801 2249 creaturae.
814 2224 858 2232 -—
877 2189 907 2249 T
901 2187 989 2261 ertia,
1014 2186 1091 2267 quia

116 2302 203 2355 tunc
226 2293 363 2375 angelus
387 2314 453 2356 non
477 2302 588 2375 posset
612 2294 737 2355 moveri
755 2273 820 2355 vnisi
851 2294 993 2375 signaret
1023 2291 1092 2354 infi-

119 2401 192 2462 nita
220 2408 343 2482 puncta
373 2400 406 2462 in
437 2410 522 2485 actu,
558 2400 648 2482 quod
680 2410 729 2463 est
759 2400 957 2482 impossibile
987 2420 1029 2462 ex
1059 2398 1090 2462 6.

125 2506 230 2587 Phys.

191 2614 296 2675 Istam
319 2613 499 2693 opinionem
523 2614 670 2694 sequitur
696 2613 850 2695 AEgidius
873 2612 928 2675 lib.
958 2632 988 2676 I.
1014 2613 1090 2676 dist.

122 2718 178 2783 18.
202 2742 233 2801 q.
260 2733 306 2798 7.,
334 2728 366 2781 et
389 2718 465 2781 facit
487 2721 586 2781 talem
610 2720 792 2782 rationem:
820 2721 957 2802 angelus
987 2720 1091 2783 estin

124 2827 197 2889 loco
222 2846 280 2907 per
304 2826 543 2907 operationem
569 2827 628 2888 sed
653 2835 794 2908 punctus
811 2848 877 2888 non
901 2836 949 2889 est
962 2848 1093 2908 suscep-

120 2934 210 2996 tivus
226 2932 439 3015 operationis3
456 2954 536 3014 ergo
554 2954 620 2995 non
637 2943 746 3015 potest
761 2954 830 2995 esse
853 2934 886 2995 in
903 2934 975 2996 loco
993 2955 1094 3015 punc·

122 3040 214 3102 tuali.
240 3038 468 3120 -Quamvis
492 3039 543 3101 hic
575 3039 693 3103 Scotus
729 3060 853 3101 senon
888 3040 1091 3115 determinat,

122 3155 208 3227 puto
231 3154 342 3207 tamen
366 3145 455 3227 quod
478 3146 614 3227 angelus
640 3167 706 3209 non
739 3132 840 3227 possit
863 3166 932 3208 esse
964 3147 997 3209 in
1020 3147 1093 3208 loco

121 3252 305 3334 punctuali,
330 3251 406 3333 quia
429 3252 473 3313 ita
508 3261 616 3333 potest
646 3273 680 3314 se
712 3252 866 3314 exhibere
897 3261 1092 3334 praesentem

123 3359 199 3421 loco
223 3358 407 3421 indivisibili
430 3359 514 3421 sicut
537 3359 696 3421 divisibili.

193 3465 254 3527 Ad
266 3465 416 3545 primum
439 3475 672 3547 argumentum
689 3465 821 3527 alterius
837 3465 997 3547 opinionis
1019 3466 1094 3528 dico
1201 3457 1209 3481 '

123 3572 217 3653 quod
241 3572 325 3634 bene
348 3571 455 3653 arguit
478 3572 519 3633 de
543 3571 705 3633 locatione
728 3570 1010 3654 circumscm'ptiva
1028 3593 1093 3634 non

124 3688 237 3741 autem
262 3676 449 3761 definitiva,
467 3677 550 3739 sicut
566 3687 614 3739 est
631 3677 663 3739 in
680 3677 847 3759 proposito
857 3698 865 3754 ;
889 3688 921 3741 et
937 3686 1095 3760 praeterea
