2634 4267
243 262 284 323 26
483 258 558 323 Lm.
585 261 613 322 ΙΙ
639 261 934 324 Sauranrmavu

218 487 284 528 non
308 475 427 528 creant.
452 467 611 528 Praeterea
635 466 745 528 tertio:
770 465 849 547 quid
874 466 1024 548 intelligis
1047 488 1104 547 per
1120 487 1185 529 no-

218 572 322 633 titiam
354 573 576 654 dispositivam
607 582 640 635 et
671 593 817 635 amorem
848 572 1077 635 affectantem?
1107 573 1186 636 Aut

218 679 278 739 ista
308 688 383 740 sunt
407 680 538 761 propria
568 688 625 741 aut
644 679 867 761 appropriata.
901 679 933 742 Si
957 689 1033 741 sunt
1064 701 1183 760 appro-

217 786 330 866 priata,
347 805 426 867 ergo
450 795 526 847 sunt
541 786 730 847 communia
753 786 866 859 tribus,
890 795 922 847 et
946 786 990 847 ita
1013 786 1088 847 duae
1111 807 1173 867 per·

217 913 306 954 sonae
331 912 395 953 non
420 902 496 954 sunt
519 892 682 973 proximae
706 892 846 954 rationes
872 891 1023 954 formales
1038 893 1181 955 creandi.

217 998 252 1061 Si
282 1019 359 1060 vero
390 1008 465 1060 sunt
496 999 635 1080 propria,
668 1009 747 1061 ωηο
778 998 892 1061 dicunt
923 1008 1107 1080 respectum
1136 1001 1182 1061 ad

216 1114 395 1180 creaturas;
427 1115 460 1167 et
490 1114 569 1167 ωηο
600 1115 658 1167 aut
689 1101 806 1167 dicunt
833 1114 1016 1186 respectum
1049 1106 1181 1178 realem,

216 1220 249 1273 et
273 1210 335 1273 hoc
357 1220 406 1273 est
429 1210 556 1285 falsum,
581 1221 617 1273 ut
641 1221 731 1292 patet
754 1232 810 1292 per
834 1212 1029 1293 Magistrum
1054 1231 1083 1273 Ι.
1100 1212 1179 1273 dist.

212 1336 286 1397 j0.;
311 1328 368 1380 aut
391 1319 504 1381 dicunt
528 1319 717 1380 relationem
735 1318 876 1391 rationis,
901 1328 933 1380 et
956 1327 1035 1380 ωηο
1063 1318 1181 1400 aliquis

217 1434 381 1505 respectus
405 1425 535 1487 rationis
558 1426 618 1487 erit
639 1426 789 1506 proprius
812 1425 905 1487 alicui
930 1445 1077 1505 personae
1102 1426 1182 1487 divi-

217 1552 278 1606 nae,
304 1533 393 1613 quod
416 1542 464 1595 est
488 1533 717 1594 inconveniens
740 1540 773 1594 et
802 1532 1025 1613 improbatum
1049 1531 1121 1594 Lib.
1147 1551 1177 1596 Ι.

282 1635 377 1705 Dico
407 1656 498 1725 ergo
521 1636 631 1704 aliter
662 1639 704 1699 ad
736 1637 971 1719 Quaestionem,
1003 1639 1093 1719 quod
1117 1638 1180 1700 ista

216 1745 297 1807 ratio
321 1765 387 1807 non
410 1754 458 1806 est
482 1745 564 1807 sicut
587 1746 705 1825 positio
729 1746 916 1826 praecedens
939 1745 1103 1829 innuebat,
1120 1746 1179 1807 sed

214 1860 263 1913 est
294 1852 376 1913 sicut
407 1853 448 1912 de
472 1852 686 1933 productione
718 1852 788 1913 Filii
821 1860 854 1913 et
885 1850 1023 1932 Spiritus
1048 1851 1175 1926 Sancti;

217 1978 293 2019 nam
311 1958 482 2038 productio
507 1958 645 2038 Spiritus
663 1957 773 2020 Sancti
797 1957 1022 2038 praesupponit
1046 1978 1178 2039 genera-

215 2064 337 2126 tionem
371 2064 442 2124 Filii
465 2065 497 2126 in
529 2085 595 2145 qua
626 2065 886 2126 communicatur
919 2063 1001 2126 Filio
1024 2066 1177 2125 voluntas

215 2169 380 2243 foecunda,
416 2191 491 2251 quae
526 2180 575 2233 est
609 2170 804 2251 principium
836 2170 1067 2251 productivum
1104 2171 1177 2252 Spi-

215 2278 294 2339 ritus
319 2277 438 2340 Sancti.
471 2278 519 2339 lta
550 2277 695 2358 intelligo
719 2278 750 2339 in
782 2261 967 2358 proposito;
999 2298 1076 2339 nam
1100 2298 1176 2359 pro-

215 2384 325 2445 ductio
349 2393 568 2446 creaturarum
586 2384 812 2465 praesupponit
835 2384 1085 2464 productionem
1101 2405 1173 2465 per-

213 2511 377 2563 sonarum,
403 2491 484 2552 idest
509 2490 580 2551 Filii
596 2499 628 2551 et
653 2490 791 2571 Spiritus
816 2490 926 2553 Sancti
950 2491 1069 2571 quibus
1085 2511 1175 2552 com-

215 2598 397 2659 municatur
436 2597 630 2678 principium
671 2598 903 2678 productivum
942 2607 1174 2670 creaturarum,

213 2704 290 2785 quia
313 2704 372 2766 illis
396 2725 461 2765 non
486 2713 657 2785 repugnat.

280 2812 383 2873 Istam
401 2832 474 2872 vero
503 2808 754 2883 Conclusionem,
775 2811 895 2873 scilicet
919 2811 1009 2892 quod
1034 2812 1174 2892 produc-

212 2917 502 2979 tiocreaturarum
530 2917 562 2978 in
586 2938 654 2978 esse
678 2917 753 2979 reali
785 2917 1010 2998 praesupponit
1034 2938 1174 2979 necessa·

212 3024 260 3085 rio
277 3024 524 3104 productionem
542 3044 764 3105 personarum,
782 3025 886 3105 probo
908 3024 1081 3106 tripliciter.
1100 3025 1175 3086 Pri-

213 3152 273 3201 ma,
302 3131 362 3193 sic:
388 3131 584 3211 Principium
601 3132 740 3192 duarum
766 3131 1018 3212 productionum
1035 3152 1173 3211 quarum

212 3258 277 3299 una
307 3246 355 3299 est
379 3237 555 3298 necessaria
586 3238 647 3299 alia
670 3238 863 3319 contingens
895 3238 983 3319 prius
1011 3258 1044 3299 se
1075 3237 1174 3299 habet

210 3344 252 3405 ad
277 3344 525 3424 productionem
550 3345 762 3406 necessariam
791 3365 890 3425 quam
915 3344 1171 3425 contingentem.

213 3450 278 3513 Sed
302 3450 473 3532 productio
490 3471 702 3531 personarum
726 3461 774 3513 est
790 3452 976 3524 necessaria,
1001 3451 1173 3531 productio

210 3565 430 3618 creaturarum
454 3566 503 3618 est
519 3558 727 3638 contingens;
753 3578 831 3639 ergo
855 3558 1051 3639 principium
1076 3556 1108 3619 in
1125 3558 1173 3619 di-

209 3663 291 3725 vinis
315 3663 403 3744 prius
426 3684 460 3725 se
484 3663 581 3726 habet
605 3664 646 3725 ad
671 3664 921 3744 productionem
947 3684 1172 3746 personarum,
