2634 4267
303 232 489 294 Drsrmcr.
514 232 645 295 XXVII
670 231 817 314 QuAEsr.
842 232 879 293 1·
1012 245 1075 311 359

127 458 147 499 a
171 458 244 519 quo
266 436 421 499 effective
435 447 483 500 est
507 438 688 500 substantia
710 438 802 499 actus
833 437 875 498 ab
911 438 1027 498 eodem
1051 446 1099 499 est

127 543 272 607 intensio
296 544 329 605 in
352 552 435 605 actu.
460 578 505 590 -
527 544 690 606 Proeterea
724 544 989 625 quandocunque
1013 544 1097 625 prin-

126 651 257 733 cipium
282 649 428 712 naturale
450 649 593 713 activum
610 650 773 713 concurrit
789 670 864 712 cum
886 671 983 711 causa
1000 650 1099 712 libere

130 755 263 839 agente,
288 757 367 819 illud
390 757 585 839 principium
610 757 757 819 naturale
773 777 900 837 semper
916 757 1026 838 coagit
1049 757 1098 818 vel

130 865 300 926 concurrit
322 874 483 945 quantum
517 872 641 945 potest;
666 884 745 945 ergo
769 863 794 925 si
819 862 948 926 habitus
973 864 1027 925 det
1050 864 1098 926 in-

130 971 317 1033 tensionem
341 990 433 1031 suam
457 970 739 1032 determinativam
753 970 849 1043 actui,
863 990 938 1031 cum
956 970 996 1031 sit
1017 970 1100 1051 prin-

133 1077 260 1158 cipium
280 1076 426 1159 activum
450 1076 605 1150 naturale,
629 1085 721 1138 actus
749 1076 809 1138 erit
843 1097 970 1156 semper
1005 1096 1101 1156 aeque

132 1183 292 1256 intensus,
310 1181 402 1263 cujus
417 1183 615 1244 contrarium
631 1182 828 1264 experimur.

207 1265 331 1355 Tertia
353 1286 482 1373 opinio
505 1298 553 1351 est
576 1289 667 1370 quod
691 1289 821 1351 habitus
837 1298 885 1352 est
906 1310 1003 1351 causa
1027 1310 1099 1370 par-

134 1396 221 1458 tialis
243 1396 349 1458 activa
372 1416 448 1457 cum
484 1396 630 1478 potentia
667 1406 814 1477 respectu
838 1405 929 1458 actus
957 1395 1099 1477 perfecti,

134 1512 170 1565 et
192 1502 239 1565 sic
262 1512 459 1566 concurrunt
474 1503 619 1585 potentia
635 1512 667 1565 et
684 1502 814 1566 habitus
835 1512 870 1564 ut
893 1504 968 1565 duae
993 1523 1100 1564 causae

135 1610 288 1691 partiales
311 1630 350 1672 eo
374 1610 474 1672 modo
497 1631 565 1692 quo
593 1610 718 1672 dictum
754 1618 801 1672 est
836 1630 933 1690 supra
956 1609 1044 1671 Dist.
1072 1626 1099 1686 3.

135 1726 250 1798 quoest.
276 1716 359 1778 illa:
384 1726 494 1778 utrum
518 1717 653 1799 angelus
677 1725 854 1798 cognoscat
878 1734 911 1777 se
928 1737 984 1798 per
1007 1737 1100 1777 suam

136 1823 320 1897 essentiam,
345 1832 407 1884 art.
432 1842 461 1885 Ι.
487 1824 528 1885 de
554 1843 650 1886 causa
678 1822 908 1904 intellectionis
933 1860 977 1868 -·
1002 1821 1101 1903 Quod

136 1938 250 1991 autem
274 1929 403 1991 habitus
420 1929 538 1991 habeat
553 1930 763 2003 activitatem,
780 1930 936 2011 probatur
959 1950 1001 1991 ex
1025 1950 1102 2010 qua-

137 2045 212 2098 tuor
237 2036 477 2098 conditionibus
511 2057 586 2117 quae
622 2036 842 2099 attribuuntur
877 2036 1009 2098 habenti
1045 2035 1101 2096 ha-

137 2143 255 2216 bitum,
290 2142 409 2204 scilicet
436 2143 526 2223 quod
558 2153 711 2224 operatur
742 2143 981 2217 delectabiliter,
1010 2142 1100 2223 faci-

138 2250 223 2324 liter,
247 2248 393 2330 expedite
416 2258 448 2311 et
466 2260 622 2330 prompte.

208 2351 357 2440 Quarta
372 2353 502 2440 Opinio
518 2355 595 2418 dicit
611 2358 701 2437 quod
718 2356 847 2419 habitus
864 2377 929 2418 non
950 2377 983 2417 se
1003 2355 1101 2417 habet

138 2464 170 2526 in
195 2462 319 2524 ratione
341 2462 456 2537 activa,
481 2463 537 2525 sed
572 2458 671 2526 habet
705 2472 832 2525 tantum
864 2463 1016 2525 inclinare
1043 2484 1101 2543 po-

137 2569 276 2632 tentiam
301 2568 514 2631 habituatam.
541 2640 544 2643 ,

208 2673 293 2756 Quae
324 2684 434 2737 autem
469 2674 585 2737 harum
621 2676 810 2739 ultimarum
846 2677 1037 2758 opinionum
1062 2676 1101 2737 sit

138 2782 254 2856 verior,
279 2790 370 2863 patet
392 2777 424 2843 in
449 2801 478 2844 1.
503 2782 574 2843 lib.
599 2782 675 2847 dist.
700 2802 752 2868 17.
779 2783 899 2866 Quaere
922 2783 975 2844 ibi.

207 2995 268 3057 Au
292 3009 434 3059 PRIMUM
459 3009 686 3070 numerumn,
711 2997 800 3058 dico:
826 2998 850 3059 si
874 3018 930 3078 per
954 2996 1041 3058 illam
1066 2996 1091 3058 si

142 3102 358 3164 militudinem
375 3102 534 3184 intelligas
558 3104 599 3165 de
622 3104 796 3166 virtutibus
808 3104 877 3165 aliis
893 3126 912 3165 a
936 3102 1100 3175 charitate,

141 3210 249 3292 major
269 3218 318 3271 est
340 3230 426 3283 vera,
451 3209 506 3272 sed
538 3231 604 3273 non
628 3220 676 3272 est
700 3220 813 3273 contra
849 3230 917 3285 me;
942 3210 967 3272 si
991 3219 1100 3271 autem

141 3316 218 3378 velis
241 3316 405 3377 includere
428 3315 628 3391 charitatem,
654 3337 739 3398 nego
752 3318 918 3399 illusorem.

206 3421 266 3483 Ad
285 3423 470 3496 secundum,
496 3444 581 3505 nego
612 3422 779 3487 iui'norem.
806 3423 865 3485 Ad
882 3423 1104 3503 prolationem

143 3529 216 3591 dico
232 3528 323 3610 quod
346 3530 502 3610 supponit
517 3529 645 3604 falsum,
671 3538 706 3592 ut
723 3538 812 3611 patet
835 3538 946 3611 qitaest.
966 3530 1103 3609 prceced.

143 3635 196 3697 ubi
220 3614 401 3697 deductum
435 3645 483 3698 est
517 3637 609 3717 quod
640 3636 743 3718 gratia
767 3636 808 3699 sit
842 3635 1048 3717 principalius
1072 3636 1105 3698 in

143 3741 297 3823 potentia.
