2634 4267
247 257 311 335 358
483 256 558 321 Lm.
583 256 612 319 11
636 255 934 320 Ssnrsnnnnun

289 461 434 524 Secundo
455 462 518 525 sic:
544 461 669 524 nullum
693 470 740 523 est
763 462 889 524 donum
915 460 979 523 Dei
1003 460 1066 523 isto
1089 461 1191 533 don0,

220 569 311 651 quod
334 579 383 631 est
405 567 554 641 charitas
589 567 809 641 excellentius,
844 587 902 650 per
938 566 1191 649 Augustinum;

220 675 278 739 sed
301 675 426 738 nullum
449 684 499 737 est
522 676 646 738 donum
683 676 745 738 Dei
768 674 981 737 excellentius
1009 674 1073 736 isto
1099 674 1193 738 dono

220 782 311 863 quod
323 791 372 844 est
395 782 516 863 gratia;
540 802 619 863 ergo
643 782 747 863 gratia
770 790 819 843 est
841 781 993 843 charitas.

288 888 347 951 Ad
370 895 564 970 argumenta
579 888 711 951 alterius
730 888 891 970 opinionis
906 888 1033 969 patebit
1057 888 1089 951 in
1114 888 1191 951 fine.

295 1102 519 1189 Quantum
547 1104 611 1169 ad
637 1103 817 1169 tertium
849 1102 1120 1184 Articulum,
1145 1104 1191 1167 di·

224 1210 308 1274 citur
332 1210 559 1292 multipliciter.

295 1313 377 1385 Uno
400 1314 511 1384 modo
533 1317 595 1379 sic:
619 1318 710 1398 quod
734 1317 824 1379 aliter
859 1317 900 1378 de
935 1316 1051 1380 habitu
1075 1318 1187 1399 acqui-

221 1424 294 1498 slto,
317 1424 409 1486 aliter
432 1424 473 1485 de
497 1422 609 1485 habitu
634 1422 757 1493 infuso:
782 1443 858 1485 nam
886 1422 1019 1486 habitus
1055 1424 1192 1505 infusus

221 1540 270 1594 est
293 1530 478 1611 simpliciter
513 1530 708 1615 principium
743 1531 933 1593 substantiae
961 1539 1054 1592 actus
1077 1540 1111 1593 et
1134 1552 1187 1593 ex-

222 1638 394 1721 peditionis
416 1638 448 1699 in
472 1647 566 1712 actu;
590 1635 722 1700 habitus
738 1658 815 1700 vero
830 1637 1011 1719 acquisitus
1026 1646 1077 1699 est
1099 1638 1188 1718 prin-

176 1758 179 1763 ’
221 1745 343 1828 cipium
367 1745 583 1826 expeditionis
606 1744 638 1807 in
662 1753 747 1818 actu,
773 1764 838 1807 non
862 1754 972 1807 autem
990 1744 1186 1826 principium

222 1852 411 1916 substantiae
435 1861 536 1915 actus

294 1958 435 2023 Contra:
474 1959 552 2020 illud
591 1958 659 2020 sine
693 1978 759 2039 quo
794 1958 981 2040 simpliciter
1011 1958 1085 2039 quis
1121 1979 1187 2020 non

223 2076 330 2150 potest
353 2075 385 2128 et
409 2086 484 2128 cum
508 2086 575 2147 quo
602 2064 788 2146 simpliciter
816 2074 924 2148 potest
957 2074 1006 2127 est
1036 2064 1189 2145 ¹potentia

222 2176 272 2237 vel
296 2194 370 2255 pars
401 2172 574 2253 potentiae;
610 2173 667 2234 sed
698 2172 828 2235 habitus
862 2172 1116 2253 supernaturalis
1140 2180 1189 2233 est

224 2279 412 2361 hujusmodi
423 2299 430 2353 ;
454 2300 534 2361 ergo
558 2278 688 2343 habitus
708 2278 1024 2360 supernaturalis-est
1039 2277 1188 2359 potentia

222 2388 272 2450 vel
304 2408 379 2467 pars
402 2386 567 2466 potentiae.
592 2422 636 2433 -
667 2386 830 2449 Proeterea
865 2386 917 2447 illa
940 2387 1090 2466 operatio
1122 2408 1188 2452 non

166 2576 169 2579 ἢ
222 2495 346 2557 elicitur
370 2494 476 2567 libere,
501 2493 594 2573 cujus
629 2492 824 2575 principium
858 2492 1002 2555 activum
1026 2503 1078 2556 est
1101 2516 1191 2559 mere

223 2602 369 2664 naturale
379 2622 387 2677 ;
411 2601 468 2661 sed
492 2600 631 2674 habitus
663 2620 740 2662 cum
776 2621 842 2662 non
877 2600 917 2662 sit
952 2602 1115 2676 voluntas,
1141 2612 1190 2665 est
1299 2670 1300 2687 ἶ

222 2708 416 2790 principium
441 2707 584 2768 activum
609 2726 697 2769 mere
731 2706 892 2782 naturale;
924 2727 1004 2789 ergo
1040 2710 1190 2789 operatio

222 2814 292 2895 ejus
316 2834 381 2875 non
405 2822 453 2875 est
478 2834 564 2875 mere
588 2814 696 2888 libera,
732 2823 765 2876 et
799 2814 843 2875 ita
874 2813 1000 2876 nullum
1028 2815 1113 2877 velle
1141 2826 1192 2879 est
1298 2856 1299 2883 l

223 2921 371 2994 liberum,
395 2921 452 2982 sed
475 2921 599 2982 elicitur
622 2920 809 3002 simpliciter
831 2921 873 2982 ab
897 2914 1026 2982 habitu?

290 3025 381 3094 Alia
404 3024 533 3111 Opimi)
564 3028 641 3089 dicit
672 3024 762 3109 quod
796 3028 902 3089 omnis
926 3026 1059 3091 habitus
1087 3030 1132 3091 sic
1157 3052 1193 3093 se

223 3133 322 3198 habet
344 3135 386 3196 ad
413 3143 524 3195 actum
560 3135 650 3215 quod
685 3144 732 3196 est
767 3133 962 3215 principium
997 3135 1191 3200 intensionis

222 3240 254 3304 in
279 3251 371 3316 actu3
397 3241 547 3303 voluntas
570 3251 680 3303 autern
703 3249 752 3304 est
775 3241 970 3322 principium
995 3243 1192 3306 substantiae

222 3356 324 3422 actus
349 3348 393 3410 ita
416 3350 503 3429 quod
529 3349 659 3410 duobus
682 3348 714 3410 in
738 3356 822 3421 actu,
848 3347 967 3409 scilicet
991 3349 1190 3413 substantiae

222 3464 255 3518 et
278 3456 449 3519 intensioni
473 3456 728 3536 correspondent
750 3455 817 3516 duo
839 3454 873 3517 in
898 3455 1023 3517 ratione
1047 3478 1166 3519 causae.

295 3561 424 3625 Contra.
450 3564 514 3624 lsta
530 3562 668 3624 intensio
683 3570 774 3623 actus
786 3569 834 3623 est
850 3562 971 3643 gradus
995 3562 1192 3627 intrinsecus

223 3668 320 3738 actui,
344 3677 377 3729 et
400 3669 444 3729 sic
467 3688 533 3729 uon
557 3668 767 3748 distinguitur
790 3668 914 3729 realiter
948 3669 991 3731 ab
1027 3690 1086 3752 eo;
1110 3693 1193 3753 ergo
