2634 4267
368 317 555 378 Drsrmcr.
579 316 593 377 Ι
618 314 766 396 QUAEST.
790 316 820 379 11
1036 334 1074 380 21

130 520 215 597 cari3
242 521 302 583 sed
326 520 385 582 iste
409 520 551 582 mundus
573 530 701 583 constat
724 522 766 584 de
788 530 858 583 tota
881 542 940 584 sua
957 522 1100 599 materia;

132 648 214 710 ergo
239 627 440 709 impossibile
462 635 511 689 est
534 626 633 689 alium
658 628 820 690 mundum
845 626 922 691 fieri.
946 664 991 676 -
1013 628 1102 691 Pro-

131 744 231 807 mea,
257 734 282 795 si
307 742 417 815 posset
439 733 520 795 alius
543 734 686 796 mundus
709 732 787 808 fieri,
812 733 903 797 fieret
926 736 1025 798 etiam
1038 736 1101 799 alia

132 849 240 917 terra;
265 850 351 902 terra
373 849 483 902 autem
508 840 539 902 in
563 840 625 902 isto
649 842 775 903 mundo
797 850 830 904 et
853 842 885 903 in
909 842 972 904 alio
996 850 1102 905 essent

133 947 287 1028 ejusdem
311 946 437 1027 speciei,
461 947 561 1009 etsie
590 957 796 1010 moverentur
820 949 862 1010 ad
885 949 1027 1011 eundem
1059 950 1104 1011 lo·

134 1072 235 1131 cum;
260 1074 339 1135 ergo
362 1063 445 1115 terra
469 1053 599 1115 alterius
624 1054 737 1116 mundi
761 1056 812 1117 vel
836 1055 960 1117 veniret
976 1056 1018 1117 ad
1031 1076 1103 1118 cen·
1138 1036 1142 1042 ’

135 1169 228 1223 trum
253 1161 343 1223 istius
367 1160 489 1234 mundi,
514 1161 564 1222 vel
588 1161 743 1223 violenter
768 1171 922 1232 maneret.
946 1163 997 1225 vel
1013 1164 1103 1244 quie·

137 1277 253 1339 sceret,
278 1268 367 1348 quod
391 1276 439 1329 est
462 1263 700 1331 inconveniens.
724 1304 768 1315 -
798 1268 962 1331 proterea
1001 1269 1103 1344 tertio,

138 1375 166 1437 si
191 1372 282 1437 fieret
305 1375 385 1436 alius
410 1375 551 1437 mundus
574 1383 657 1436 esset
681 1374 769 1436 aliud
793 1376 936 1457 primum
974 1376 1104 1450 mobile,

138 1491 175 1544 et
198 1482 243 1543 sic
266 1482 333 1543 duo
357 1481 462 1562 prima
494 1481 635 1555 mobilia,
661 1490 693 1542 et
717 1500 773 1562 per
813 1502 1014 1563 consequens
1038 1482 1104 1544 duo

140 1588 240 1673 primi
265 1597 416 1661 motores
441 1588 530 1669 quod
554 1598 603 1650 est
625 1586 745 1650 salsum
767 1597 800 1649 et
822 1588 1061 1651 inconveniens.

211 1691 327 1762 Alius
349 1695 405 1776 qui
430 1695 574 1776 sequitur
598 1695 694 1757 istam
718 1693 905 1775 opinionem
930 1695 962 1756 in
1002 1704 1104 1777 parte,

140 1801 335 1882 dicitquod
358 1801 508 1882 quamvis
532 1800 634 1883 possit
673 1800 739 1862 fieri
763 1801 844 1863 alius
883 1802 1027 1863 mundus
1049 1800 1105 1882 qui

141 1929 209 1970 non
234 1908 274 1970 sit
298 1907 455 1989 sphericae
479 1907 604 1989 figurae,
628 1916 740 1970 tamen
765 1928 830 1970 non
854 1918 962 1990 potest
985 1906 1053 1970 fieri
1071 1929 1114 1969 a-.

144 2016 207 2077 lius
230 2015 286 2096 qui
311 2014 351 2076 sit
374 2013 530 2096 sphericae
555 2012 680 2096 figurae.
707 2014 808 2095 Cujus
831 2016 913 2076 ratio
942 2025 990 2077 est
1028 2015 1105 2077 ista:

144 2123 237 2184 Deus
262 2142 327 2184 non
352 2129 458 2202 potest
481 2120 586 2184 facere
597 2141 758 2198 vacuum3
776 2123 832 2183 sed
848 2123 1002 2202 ponendo
1017 2122 1107 2202 quod

143 2227 263 2291 faceret
286 2228 386 2290 alium
412 2228 576 2290 mundum
592 2227 748 2309 sphericae
765 2227 890 2310 figurae,
907 2228 1051 2309 sequitur
1068 2228 1109 2290 de

143 2334 335 2398 necessitate
358 2354 509 2408 vacuum,
533 2334 609 2415 quia
634 2356 701 2397 non
724 2344 894 2417 tangerent
922 2356 956 2397 se
980 2335 1038 2398 nisi
1075 2336 1107 2399 in

144 2450 288 2524 puncto;
312 2460 402 2521 ergo.

218 2546 339 2612 Contra
363 2547 461 2609 istam
485 2547 666 2629 opinionem
679 2569 782 2631 arguo
805 2549 869 2611 sic:
896 2548 1008 2611 Omne
1031 2549 1109 2610 illud

143 2666 194 2718 est
218 2653 359 2744 factibile
382 2675 401 2715 a
426 2654 499 2715 Deo
521 2655 611 2735 quod
642 2675 707 2717 non
746 2655 893 2737 implicat
930 2655 1110 2718 contradic-

145 2762 271 2824 tionem
287 2782 294 2838 ;
319 2761 376 2822 sed
400 2759 503 2822 facere
518 2762 620 2823 alium
638 2763 800 2824 mundum
817 2762 973 2844 sphericae
995 2762 1110 2844 figurae

145 2889 212 2931 non
236 2868 383 2949 implicat
406 2868 715 2947 contradictionem;
739 2890 828 2951 ergo.
859 2869 1011 2931 Probatio
1049 2870 1111 2931 mi-

148 2975 246 3047 noris,
271 2974 348 3055 quia
379 2975 466 3036 nulla
502 2974 687 3056 implicatur
727 2976 939 3038 contradictio
978 2985 1112 3058 aparte

147 3082 275 3163 agentis
299 3101 376 3142 cum
400 3080 441 3142 sit
465 3081 620 3162 potentiae
644 3080 789 3155 infinitae,
814 3102 873 3145 nec
897 3104 916 3143 a
940 3090 1031 3163 parte
1047 3080 1112 3143 fac-

152 3188 260 3257 tibilis‚
285 3187 363 3268 quia
386 3208 487 3268 agens
509 3188 600 3269 quod
624 3188 776 3269 producit
799 3188 921 3270 aliquid
945 3190 986 3250 de
1002 3189 1111 3262 nihilo,

146 3314 212 3375 qua
236 3293 361 3355 ratione
377 3314 443 3355 non
459 3294 644 3375 implicatur
661 3295 876 3357 contradictio
893 3295 924 3356 in
943 3295 1005 3357 hoc
1021 3296 1111 3377 quod

148 3400 299 3482 producit
324 3420 439 3474 unum,
464 3401 578 3462 eadem
602 3401 727 3463 ratione
751 3422 810 3464 nec
834 3402 866 3463 in
890 3402 963 3464 alio.

214 3508 298 3571 Item
315 3515 431 3569 contra
446 3506 541 3568 istam
559 3508 746 3589 opinionem
763 3517 812 3570 est
827 3508 912 3569 clare
938 3508 1114 3570 auctoritas

155 3612 434 3677 Commentatoris
466 3632 495 3675 Ι.
519 3614 592 3676 coelz'
612 3623 644 3677 et
681 3615 807 3687 mundi,
832 3614 886 3675 ubi
911 3615 988 3677 dicit
1025 3615 1115 3696 quod

151 3722 204 3803 qui
228 3722 323 3805 ponit
348 3720 513 3782 mundum
537 3719 632 3783 fuisse
656 3720 779 3783 factum
804 3722 983 3783 secundum
1007 3741 1116 3782 exem·
