2634 4267
252 285 311 332 112
491 267 566 330 Lm.
591 268 621 329 ΙΙ
645 267 939 330 Saurannanun

225 473 367 536 titatem.
392 471 433 535 Si
453 471 555 544 dicas,
583 479 816 553 argumentum
840 491 906 533 non
929 471 1026 544 valet,
1051 471 1125 553 quia
1138 493 1183 533 as·

224 580 325 642 sumit
349 578 560 658 miraculum;
583 587 716 640 contro:
742 577 936 640 miraculum
968 598 1034 640 non
1066 586 1113 639 est
1141 599 1183 640 re

224 695 337 767 spectu
372 685 709 759 contradictoriorum,
748 684 825 766 quia
859 685 900 746 ad
939 685 1185 747 contradictoria

225 793 313 855 nulla
336 801 384 856 est
407 792 553 874 potentia
574 813 616 854 ex
638 790 670 854 6.
695 789 804 854 Etlric.
830 791 896 855 Sed
912 791 1125 854 contradictio
1140 801 1186 853 est

224 900 314 981 quod
338 907 490 961 manente
514 898 631 960 eadem
668 897 848 961 substantia
871 897 911 960 sit
934 897 1005 960 haec
1030 918 1088 980 per
1111 898 1185 960 illud

224 1014 257 1068 et
281 1026 346 1068 non
382 1026 439 1087 per
473 1005 561 1066 illud.
587 1005 689 1086 Ergo.
713 1043 758 1050 —
782 1003 927 1067 Secundo
950 1005 1012 1066 sic:
1038 1013 1188 1066 manente

224 1133 265 1176 eo
288 1133 355 1195 quo
382 1111 503 1193 aliquid
531 1120 579 1174 est
602 1110 778 1173 formaliter
801 1110 874 1185 tale,
910 1111 1109 1193 impossibile
1142 1120 1188 1174 est

225 1219 333 1300 ipsum
358 1239 423 1280 non
446 1238 515 1280 esse
542 1217 623 1298 tale;
659 1218 715 1280 sed
739 1217 832 1298 panis
865 1226 914 1279 est
930 1216 981 1280 hic
1014 1217 1106 1298 panis
1133 1237 1187 1300 per

225 1325 440 1407 quantitatem
463 1345 519 1406 per
535 1333 584 1400 te;
601 1345 681 1406 ergo
698 1332 850 1386 manente
873 1324 987 1386 eadem
997 1325 1187 1406 quantitate,

226 1432 424 1514 impossibile
454 1440 503 1494 est
534 1431 641 1513 ipsum
678 1451 743 1493 non
778 1451 847 1492 esse
881 1431 969 1493 hunc
1003 1451 1134 1513 panem,
1157 1440 1187 1492 et

226 1539 271 1602 sic
294 1539 417 1602 tollitur
439 1538 757 1602 transsubstantiatio
781 1537 877 1619 panis
900 1537 932 1599 in
957 1537 1087 1620 Corpus
1104 1537 1190 1602 Chri-

226 1646 275 1721 sti,
300 1646 355 1708 ubi
381 1654 491 1708 manet
513 1646 628 1708 eadem
645 1645 819 1726 quantitas
843 1654 876 1707 et
892 1653 1002 1708 tamen
1021 1665 1087 1707 non
1104 1645 1187 1707 idem

226 1753 327 1835 panis.

293 1858 443 1922 Secundo
466 1859 523 1921 vio
547 1867 659 1921 contra
676 1859 763 1920 illam
782 1857 968 1939 opinionem
992 1859 1132 1921 sumitur
1147 1879 1190 1920 ex

224 1966 337 2028 ordine
358 1965 550 2028 substantio
571 1975 603 2027 et
625 1965 814 2028 accidentis.
839 1965 895 2026 Ex
918 1985 983 2046 qua
1006 1965 1059 2026 via
1083 1966 1190 2048 argui-

226 2082 279 2136 tur
300 2072 410 2154 primo
440 2073 502 2135 sic:
535 2073 716 2134 substantia
734 2072 928 2134 secundum
959 2080 1064 2134 totam
1096 2093 1189 2133 suam

227 2179 503 2242 coordinationem
519 2188 568 2242 est
583 2179 671 2261 prior
689 2179 777 2241 omni
794 2179 960 2241 accidente
972 2186 1098 2252 natura,
1111 2187 1191 2240 tem-

226 2306 305 2369 pore
327 2294 360 2347 et
390 2285 577 2348 definitione
599 2307 641 2347 en
664 2305 694 2369 7.
726 2283 896 2366 Metoplz.;
928 2305 1008 2367 ergo
1032 2294 1081 2347 est
1104 2286 1192 2367 prior

226 2393 415 2474 quantitate,
439 2393 531 2454 etsie
555 2413 620 2454 non
637 2391 857 2454 individuatur
874 2412 930 2472 per
946 2411 1029 2453 eam.
1047 2392 1191 2472 Respon-

226 2500 321 2561 detnr
349 2499 438 2579 quod
462 2498 535 2560 licet
565 2498 746 2560 substantia
769 2499 809 2560 sit
840 2498 1021 2580 quantitate
1045 2499 1133 2579 prior
1156 2499 1190 2560 in

114 2628 117 2635 ·
226 2605 371 2676 essendo
403 2625 469 2666 non
497 2613 606 2665 tamen
630 2604 662 2666 in
695 2605 938 2666 individuand0.
968 2601 1111 2668 Contra:
1137 2626 1190 2667 eo·

226 2712 300 2773 dem
326 2711 426 2772 modo
449 2711 629 2772 substantia
644 2720 693 2772 est
717 2713 805 2792 prior
825 2711 915 2773 omni
938 2711 1108 2773 accidente
1124 2732 1192 2793 quo

225 2826 274 2880 est
304 2817 488 2897 subjectum
521 2817 669 2879 omnium
701 2818 937 2893 accidentium;
970 2817 1027 2880 sed
1051 2839 1118 2880 non
1143 2827 1192 2880 est

226 2923 409 3004 subjectum
423 2924 571 2985 omnium
585 2924 800 2986 accidentium
814 2924 872 2986 nisi
890 2924 1085 3005 inquantum
1103 2923 1191 3000 haec;

226 3051 305 3112 ergo
329 3039 366 3092 ut
390 3030 461 3093 haec
478 3031 633 3113 praecedit
649 3031 836 3112 simpliciter
853 3051 951 3092 omne
971 3031 1132 3092 accidens
1149 3068 1192 3078 -

228 3136 373 3200 Secundo
386 3136 444 3199 sic:
459 3138 548 3219 quod
561 3147 609 3199 est
621 3137 709 3219 prius
728 3137 790 3198 alio
811 3137 989 3211 duratione,
1003 3145 1113 3218 potest
1124 3159 1193 3200 esse

227 3243 295 3306 sine
311 3244 378 3319 illo;
396 3245 452 3306 sed
465 3244 643 3306 substantia
656 3253 704 3306 est
717 3243 804 3324 prior
817 3243 907 3305 omni
919 3243 1087 3305 accidente
1100 3244 1194 3305 dura-

227 3350 325 3426 tione;
338 3372 379 3411 on
391 3370 421 3435 7.
435 3348 582 3432 Motoplz.
596 3371 674 3432 ergo
688 3359 795 3431 potest
807 3371 875 3412 esse
888 3349 955 3411 sine
964 3369 1012 3423 e0,
1026 3349 1113 3412 etsie
1127 3371 1192 3412 non

232 3457 451 3519 individuatur
475 3477 531 3538 per
550 3457 699 3518 accidens
730 3457 797 3518 sive
820 3477 876 3539 per
903 3455 1133 3538 quantitatem.

301 3564 408 3626 Tertia
425 3564 482 3626 oio
498 3563 636 3626 sumitur
653 3584 696 3625 ex
709 3562 948 3625 coordinatione
960 3562 1195 3644 praedicamen-

228 3671 299 3732 tali.
326 3670 380 3730 Ex
404 3691 469 3751 qua
493 3669 639 3752 arguitur
663 3669 724 3731 sic:
750 3669 781 3732 in
806 3670 951 3751 quolibet
974 3670 1088 3747 ordine
1109 3691 1193 3752 prae,-
