2634 4267
351 246 592 311 Drsrmcr.11
617 247 764 329 Quasi.
790 250 819 311 ΙΙ
1030 264 1068 329 71

192 454 278 517 Dico
306 476 383 537 ergo
418 455 507 537 quod
542 455 632 517 locus
662 466 711 517 est
740 456 923 539 superficies
953 456 1095 537 corporis

125 562 325 643 continentis
349 560 510 624 immobile
526 561 686 642 primum.
711 562 864 624 Primam
880 562 1095 625 conditionem

127 668 248 750 probat
280 667 498 749 Philosophus
531 686 563 752 4.
594 667 696 749 Phys.
721 689 746 729 c.
780 688 808 731 Ι.
833 680 864 732 et
888 686 923 747 J.
955 668 1018 730 sic:
1044 671 1096 731 vel

128 776 220 837 lbcus
231 783 282 837 est
296 775 429 837 materia
441 774 491 836 vel
505 773 610 836 forma
625 775 676 837 vel
689 776 829 856 spatium
843 775 924 838 inter
937 782 1096 847 extrema,

127 882 179 945 vel
191 880 379 963 superficies
392 881 536 962 corporis
552 882 763 957 continentis;
780 882 836 943 sed
854 902 919 943 non
932 891 981 944 est
998 890 1097 943 mate-

129 988 186 1063 ria,
211 1008 272 1050 nec
297 985 410 1061 forma,
443 1008 502 1049 nec
533 988 675 1069 spatium
707 988 788 1050 inter
819 996 985 1067 extrema3
1017 1008 1097 1068 ergo

130 1104 180 1157 est
191 1093 377 1175 superficies
392 1094 536 1175 corporis
548 1094 752 1160 continentis.
769 1094 888 1156 Prima
899 1104 983 1175 pars
995 1094 1097 1155 mino-

130 1202 189 1280 ris,
214 1200 334 1263 scilicet
357 1200 446 1281 quod
471 1201 560 1262 locus
591 1221 656 1262 non
688 1200 728 1262 sit
763 1201 906 1274 materia,
939 1200 1097 1282 probatur

130 1317 202 1370 tum
232 1306 309 1389 quia
342 1306 477 1368 materia
507 1316 555 1369 est
586 1306 722 1369 indivisa
752 1328 771 1369 a
802 1327 835 1368 re
859 1328 918 1369 nec
952 1307 1097 1369 continet

131 1434 216 1487 eam,
241 1434 383 1495 quorum
402 1422 566 1495 utrunque
580 1414 738 1495 competit
755 1416 836 1475 loco
855 1413 1005 1476 Secunda
1013 1424 1099 1494 pars

131 1519 282 1592 minoris,
310 1520 429 1581 scilicet
444 1520 534 1600 quod
552 1520 641 1582 locus
658 1540 723 1581 non
749 1520 789 1582 sit
809 1519 914 1581 forma
930 1520 1097 1602 probatur,

130 1627 208 1709 quia
232 1624 338 1687 forma
361 1635 410 1688 est
433 1627 590 1688 terminus
613 1628 758 1708 corporis
787 1626 881 1706 cujus
903 1635 951 1689 est
981 1626 1096 1698 forma,

131 1735 223 1795 locus
246 1741 356 1794 autem
388 1754 453 1795 non
477 1742 524 1795 est
555 1733 624 1813 ejus
647 1734 790 1815 corporis
814 1733 906 1813 cujus
928 1743 977 1796 est
996 1734 1097 1806 locus,

130 1841 188 1903 sed
220 1840 365 1921 corporis
388 1840 581 1901 continentis
608 1840 725 1921 ipsum.
757 1840 864 1902 Tertia
889 1850 972 1920 pars
994 1840 1098 1901 mz'no-

130 1946 189 2021 ris,
207 1946 328 2008 scilicet
344 1946 434 2027 quod
457 1946 546 2008 locus
570 1968 635 2009 non
660 1947 700 2009 sit
723 1948 864 2028 spatium
888 1947 954 2008 sive
975 1946 1099 2008 dimen-

130 2054 179 2115 sio
203 2054 286 2115 inter
302 2062 458 2126 extrema,
484 2054 649 2134 probatur,
675 2054 751 2135 quia
786 2063 864 2116 tunc
893 2064 1000 2116 essent
1030 2053 1099 2114 duo

131 2181 272 2242 corpora
302 2160 334 2221 in
358 2160 473 2222 eodem
498 2160 580 2221 loco.

208 2267 281 2330 Viso
304 2266 388 2347 quid
406 2267 452 2328 sit
473 2267 558 2329 locus
581 2276 743 2349 quantum
767 2268 815 2330 ad
823 2288 939 2349 genus,
956 2268 1031 2348 quia
1047 2276 1098 2328 est

130 2372 318 2455 superficies
341 2373 483 2454 corporis
507 2374 710 2447 continentis
735 2357 865 2455 oportet
888 2374 996 2435 videre
1027 2373 1099 2453 ejus

129 2479 366 2560 differentiam,
390 2480 510 2541 scilicet
534 2480 793 2542 immobilitatem
804 2504 819 2553 ,·
855 2490 904 2542 est
937 2480 1034 2553 enim,
1059 2490 1098 2541 ut

129 2587 259 2659 dicitur,
285 2586 453 2647 immobile
471 2586 623 2667 primum.
648 2587 743 2648 Hanc
765 2587 1026 2648 immobilitatem
1044 2585 1099 2647 ali-

131 2694 189 2775 qui
213 2692 368 2755 volebant
383 2694 506 2754 salvare
522 2713 578 2773 per
595 2702 777 2774 respectum
802 2694 843 2754 ad
861 2695 952 2775 polos
975 2702 1007 2755 et
1024 2714 1098 2755 cen-

131 2811 221 2864 trum
247 2798 371 2860 mundi.
397 2798 461 2861 Sed
485 2800 624 2860 breviter
646 2800 720 2862 dico
743 2821 819 2861 cum
844 2800 944 2863 Scoto
965 2800 1054 2881 quod
1071 2800 1097 2861 si

132 2907 319 2987 subjectum
344 2926 409 2967 non
445 2914 555 2967 manet
585 2906 682 2981 idem,
715 2908 840 2969 nullum
864 2907 1013 2969 accidens
1037 2928 1098 2968 nec

131 3014 321 3076 absolutum
364 3032 422 3073 nec
456 3013 678 3093 respectivum
708 3022 816 3075 manet
855 3014 951 3086 idem,
987 3023 1020 3075 et
1052 3014 1098 3074 sie

131 3141 208 3183 cum
232 3139 353 3200 corpus
376 3119 442 3181 sive
474 3120 643 3181 continens
675 3121 741 3182 sive
772 3130 963 3182 contentum
996 3120 1098 3202 possit

133 3227 256 3290 moveri
281 3225 434 3299 localiter,
459 3247 557 3287 omne
573 3227 723 3289 accidens
746 3227 812 3288 sive
827 3228 1013 3288 absolutum
1031 3228 1100 3289 sive

132 3333 350 3415 respectivum
376 3340 412 3393 ut
435 3342 483 3393 est
507 3334 607 3406 locuS,
633 3334 752 3414 poterit
776 3334 899 3395 moveri
924 3334 1074 3395 localiter.

198 3440 341 3504 Declaro
365 3448 477 3501 autem
501 3439 591 3500 aliter
615 3440 710 3502 istam
734 3440 996 3502 immobilitatem
1025 3440 1098 3508 loci.

132 3558 165 3610 et
188 3550 262 3610 dico
269 3546 384 3629 primo
397 3546 487 3626 quod
501 3546 590 3609 locus
604 3546 701 3609 habet
714 3546 973 3609 immobilitatem
998 3567 1102 3628 oppo-
