2634 4267
342 237 526 300 D1sT1Ncr.
550 236 599 298 VI
623 236 801 318 QuAEsr.I
1008 241 1066 316 183

132 463 215 524 ergo
236 442 261 503 si
284 442 434 523 superbia
457 452 541 505 esset
564 445 748 506 maximum
780 453 962 526 peccatum,
988 442 1091 505 humi-

133 549 206 612 litas
227 558 310 612 esset
345 549 491 611 maxima
513 550 625 624 virtus
662 551 751 632 quod
774 560 822 612 est
853 549 981 624 falsum,
1014 551 1090 632 quia

132 654 273 718 charitas
295 665 345 718 est
369 656 481 736 major.

193 764 411 826 RESPONSIO.
451 763 513 824 Hic
540 772 615 824 sunt
638 773 779 845 quatuor
802 763 951 826 videnda.
977 763 1091 825 Primo

132 870 264 950 ponitur
279 870 464 932 communis
479 870 590 951 opinio
606 871 816 952 antiquorum
832 891 838 946 ;
855 871 990 932 secundo
1015 871 1092 952 quia

133 985 292 1057 peccaturi
316 985 364 1038 est
387 976 419 1038 in
435 985 509 1038 actu
526 977 712 1050 voluntatis,
729 977 944 1059 distinguetur
961 978 1001 1039 de
1017 977 1092 1039 acti-

133 1083 195 1145 bus
216 1083 410 1160 voluntatis;
434 1083 535 1156 tertio,
559 1104 634 1164 quae
651 1083 692 1144 sit
716 1084 836 1145 malitia
860 1084 891 1145 in
909 1084 1014 1165 primo
1037 1105 1092 1145 an·

133 1189 217 1271 gelo;
240 1199 356 1271 quarto
379 1190 421 1251 ad
444 1189 533 1270 quod
558 1210 661 1271 genus
681 1191 804 1271 peccati
828 1189 947 1252 habeat
970 1190 1090 1252 reduci.

206 1402 430 1487 Quantum
447 1401 723 1484 adprimum
740 1402 856 1464 dicitur
874 1403 1091 1464 communiter

131 1510 222 1590 quod
245 1517 426 1591 peccatum·
441 1509 535 1591 primi
560 1509 667 1590 angeli
691 1507 785 1571 fuerit
808 1509 968 1591 superbia,
1001 1509 1090 1591 quod

133 1616 291 1697 probatur
493 1617 499 1628 '

198 1722 314 1785 Primo
338 1721 396 1783 sic:
420 1722 526 1803 angeli
543 1742 608 1784 non
632 1731 809 1803 potuerunt
833 1723 938 1804 primo
959 1743 1092 1804 peccare

132 1850 189 1910 per
204 1829 337 1910 aliquod
354 1828 447 1901 nolle,
464 1828 540 1909 quia
552 1829 638 1890 nolle
654 1831 879 1911 praesupponit
892 1830 983 1903 velle,
1000 1839 1032 1891 et
1048 1831 1092 1891 sic

133 1956 198 1998 uon
224 1943 439 2016 peccaverunt
455 1935 560 2015 primo
576 1956 633 2016 per
657 1935 738 1996 iram
762 1957 821 1998 nec
837 1957 893 2019 per
913 1937 1091 2004 avaritiam,

133 2063 191 2105 nec
207 2051 424 2124 peccaverunt
440 2042 548 2122 aliquo
564 2041 645 2103 velle
661 2042 844 2106 inordinato
860 2044 943 2105 circa
969 2053 1094 2124 tempo·

134 2150 220 2222 ralia,
244 2169 304 2210 nec
328 2157 462 2228 peccato
486 2148 589 2210 carnis
605 2156 642 2209 ut
665 2157 866 2231 patet;ergo
889 2150 1005 2212 eodem
1023 2171 1092 2211 mo·

132 2256 177 2319 do
200 2256 269 2317 aliis
296 2255 435 2317 exclusis
466 2263 683 2336 peccaverunt
706 2277 761 2336 per
786 2256 981 2338 superbiam.

199 2362 374 2435 Praeterea,
391 2362 577 2423 secundum
601 2361 748 2441 Joannen
772 2363 807 2424 in
836 2361 999 2426 caurum
1022 2371 1115 2434 sua,'

133 2489 231 2531 omne
243 2468 333 2550 quod
344 2476 393 2529 est
408 2467 440 2529 in
454 2468 589 2540 mundo,
607 2476 664 2529 aut
676 2478 724 2531 est
740 2471 1001 2551 concupiscentia
1025 2491 1092 2532 car-

132 2576 191 2650 nis
215 2584 273 2637 aut
296 2574 556 2655 concupiscentia
572 2574 753 2650 oculorum,
770 2587 827 2639 aut
843 2578 993 2658 superbia
1005 2577 1091 2651 vitae3

132 2683 189 2745 sed
212 2702 279 2744 non
296 2690 512 2762 peccaverunt
534 2682 799 2761 concupiscentia
822 2685 926 2746 carnis
946 2684 995 2746 vel
1020 2704 1095 2745 ocu-

133 2798 258 2872 lorum;
282 2817 370 2878 ergo

197 3009 327 3074 Nune
340 3010 531 3074 secundo
546 3017 676 3089 oportet
692 3007 888 3088 distinguere
904 3004 945 3065 de
969 3003 1093 3064 actibus

129 3116 316 3180 voluntatis.
333 3116 377 3177 Et
393 3116 466 3178 dico
482 3116 514 3177 in
532 3115 704 3177 communi
720 3114 810 3195 quod
834 3112 958 3192 duplex
978 3119 1026 3172 est
1042 3130 1093 3170 ac-

129 3233 182 3286 tus
193 3221 510 3300 voluntati5,'scilicet
522 3221 605 3282 velle
629 3230 662 3282 et
678 3220 772 3281 nolle.
787 3220 847 3280 Est
859 3238 937 3298 ergo
951 3217 1035 3278 nolle
1046 3236 1095 3277 ac-

130 3341 183 3393 tus
198 3329 358 3411 positivus
370 3327 546 3389 voluntatis
562 3347 628 3408 quo
641 3325 726 3408 fugit
741 3324 994 3398 disconveniens;
1013 3323 1093 3384 velle

130 3446 243 3500 autem
259 3443 308 3496 est
319 3442 411 3495 actus
423 3433 597 3494 voluntatis
609 3453 676 3514 quo
693 3440 842 3513 acceptat
862 3451 960 3493 omne
976 3449 1093 3491 conve·

129 3544 232 3606 niens.
253 3577 298 3588 -
322 3541 403 3601 Item
426 3548 504 3600 nota
526 3539 615 3620 quod
643 3539 727 3601 velle
751 3547 798 3599 est
826 3538 959 3618 duplex,
978 3527 1111 3597 scilicet¹

128 3650 212 3713 velle
235 3646 393 3709 amicitia
408 3654 441 3707 et
463 3645 545 3707 velle
569 3644 838 3726 concupiscentia.
863 3644 956 3705 Velle
989 3641 1097 3703 amici-
