2634 4267
344 256 532 318 Dtsnncn
556 249 636 320 VIII
660 248 809 337 Quasi.
834 259 879 322 III
1027 274 1065 340 ²5
1073 273 1089 340 3

208 463 280 526 Ad
296 452 481 545 secundum
495 463 568 526 dico
591 464 682 544 quod
707 464 841 526 materia
863 474 912 526 est
940 485 1042 547 prope
1070 467 1115 527 ni-

130 569 181 631 hil
209 570 251 632 in
277 591 336 632 sua
358 569 611 643 coordinatione,
646 569 765 633 scilicet
799 571 1057 653 corruptibilium
1080 581 1116 636 el:
1168 655 1171 662 Ι

129 676 456 758 incorruptibilium.
481 676 545 740 Sed
569 677 646 757 quia
670 678 804 740 materia
832 678 909 740 dicit
943 679 1113 760 proprium

129 793 262 846 actum
297 784 487 846 distinctum
530 792 644 846 contra
680 784 862 865 potentiam
897 785 1115 866 objectivamr

130 911 209 952 non
258 899 309 952 est
349 890 579 953 inconveniens
613 891 706 986 quqd
741 911 806 952 una
844 892 983 954 excedat
1017 893 1115 958 aliam

129 997 167 1058 in
194 997 349 1072 entitate,
374 997 458 1060 sicut
482 998 628 1071 dicimus
653 998 743 1078 quod
768 999 902 1060 materia
924 1008 973 1060 est
996 999 1114 1080 princi·

129 1105 255 1186 palius
278 1126 336 1167 ens
359 1124 460 1186 quam
484 1105 597 1166 relatio
620 1113 656 1166 ut
672 1114 762 1186 patet
775 1105 810 1166 in
834 1124 863 1167 Ι.
888 1127 917 1186 q.
942 1106 1019 1170 dist.
1037 1125 1107 1178 12„-

131 1231 202 1274 nec
230 1220 281 1274 est
304 1211 533 1274 inconveniens
556 1231 625 1273 esse
647 1212 730 1273 duas
757 1212 908 1274 materias
920 1213 1050 1293 primae,
1076 1222 1114 1278 ut

129 1327 238 1400 patet
261 1319 299 1380 in
322 1319 397 1380 dist.
406 1337 441 1398 5.
465 1329 575 1400 quaest.
596 1319 635 1380 de
653 1317 876 1399 compositione
902 1320 1105 1402 angelorum.

210 1427 270 1488 Ad
294 1426 425 1488 tertium
449 1425 522 1487 dico
537 1425 627 1506 quod
643 1445 758 1488 omnes
770 1425 844 1486 coeli
868 1434 943 1487 sunt
959 1426 1107 1506 ejusdem

134 1533 277 1614 speciei.
303 1531 367 1595 Sed
393 1530 510 1595 Scotus
533 1532 642 1614 arguit
676 1540 789 1593 contra
824 1552 881 1613 per
920 1509 982 1594 boc
1017 1535 1109 1614 quod

133 1640 220 1701 coeli
238 1639 363 1701 habent
386 1639 529 1700 diversos
541 1637 674 1700 effectus
690 1637 872 1700 differentes
895 1639 1010 1720 specie.
1035 1639 1111 1703 Cre«

134 1746 184 1808 do
210 1756 326 1808 tamen
350 1746 440 1826 quod
463 1745 523 1807 ista
547 1744 687 1825 objectio
711 1766 776 1807 non
807 1746 913 1808 valeat
935 1746 967 1808 in
1003 1747 1108 1809 causis

135 1853 335 1934 aequivocis
360 1852 437 1933 quia'
459 1852 507 1914 sol
531 1872 589 1933 per
611 1852 750 1913 eandem
773 1852 910 1914 vitutem
935 1852 1034 1916 habet
1050 1854 1115 1914 dis=

137 1962 274 2022 solvere
296 1959 434 2040 glaciem
459 1967 492 2021 et
514 1959 677 2021 exsiccare
693 1959 808 2025 lutum.
828 1959 861 2023 Si
878 1969 987 2022 autem
1004 1961 1110 2023 valeat

136 2065 204 2128 ista
228 2065 383 2146 objectio,
408 2073 515 2146 potest
538 2065 601 2127 dici
628 2066 728 2140 aliter,
763 2066 854 2146 quod
890 2066 1024 2129 materia
1048 2067 1112 2128 sub

138 2169 253 2235 sorma
277 2171 373 2234 unius
395 2171 496 2234 stellae
520 2191 586 2234 non
603 2180 712 2253 potest
734 2173 942 2234 transmutari
960 2172 991 2234 in
1013 2173 1111 2239 aliam.

137 2280 221 2360 quia
247 2299 313 2341 non
337 2287 386 2341 est
409 2279 442 2340 in
466 2278 611 2360 potentia
635 2279 772 2341 naturali
797 2279 839 2340 ad
862 2299 946 2354 eam,
964 2279 1020 2341 sed
1038 2288 1109 2341 tan-

138 2394 216 2448 tum
241 2385 274 2447 in
303 2385 450 2467 potentia
485 2385 669 2465 objectuali.
693 2421 736 2432 -
760 2385 866 2447 Aliter
901 2394 1009 2467 potest
1045 2385 1108 2446 dici

140 2493 236 2575 quod
262 2491 397 2554 materia
420 2513 486 2554 non
510 2500 559 2554 est
582 2492 614 2554 in
638 2492 784 2574 potentia
818 2492 860 2555 ad
895 2491 1016 2554 formas
1051 2492 1111 2554 nisi

140 2609 281 2682 propter
308 2598 448 2661 rationes
482 2599 652 2661 seminales
687 2620 762 2681 quae
787 2619 853 2661 non
881 2599 1012 2661 suntin
1037 2620 1112 2680 pro-

140 2708 264 2788 posito,
291 2704 356 2769 Sed
379 2705 420 2767 de
443 2704 507 2768 hoc
530 2705 654 2766 dicetur
677 2704 759 2767 infra
783 2705 871 2767 Dist.
896 2703 949 2768 18.

209 2809 280 2882 Ad
299 2813 507 2879 secundum
538 2807 694 2879 dubium
729 2811 806 2873 dicit
829 2809 981 2894 AEgidius
1016 2811 1107 2892 quod

141 2920 282 2984 materia
307 2918 406 2981 habet
430 2919 595 3000 propriam
618 2919 843 2980 extensionem
867 2919 963 2980 aliam
988 2919 1029 2980 ab
1054 2938 1110 2979 eX«

140 3028 294 3092 tensione
317 3026 515 3107 quantitatis,
540 3027 630 3106 quod
646 3025 803 3106 probatur
826 3026 887 3087 sic:
905 3025 1105 3105 impossibile

139 3145 191 3199 est
214 3133 369 3197 accidens
391 3133 524 3214 aliquod
548 3152 741 3213 permanens
753 3140 785 3193 et
801 3131 957 3194 divisibile
973 3151 1042 3192 esse
1059 3152 1112 3192 su«

139 3242 285 3326 bjective
324 3239 384 3301 nisi
418 3239 450 3301 in
485 3239 632 3320 subjecto
668 3238 825 3312 divisibili,
854 3239 930 3299 alias
957 3237 1111 3300 accidens

138 3359 227 3414 esset
251 3346 440 3410 naturaliter
463 3347 531 3409 sine
554 3346 711 3429 subjecto
726 3345 791 3408 Sed
814 3345 979 3426 quantitas
995 3353 1042 3405 est
1059 3364 1110 3405 ac-
1221 3398 1222 3401 ,

138 3458 255 3521 cidens
277 3474 473 3538 permanens
496 3463 529 3516 et
551 3453 725 3527 divisibile;
749 3472 828 3533 ergo
852 3451 951 3514 habet
985 3449 1110 3529 subjec*

138 3578 214 3632 tum
238 3561 401 3628 divisibile
424 3562 473 3624 vel
497 3569 680 3623 extensum.
695 3559 759 3622 Sed
787 3558 850 3620 hoc
873 3566 921 3620 est
956 3555 1109 3631 materia;

138 3694 228 3758 ergo,
333 3695 337 3700 ’
