2634 4267
342 250 529 311 Distinet.
555 248 584 310 ΙΙ
609 248 756 330 ΩυΑῑετ.
780 248 810 310 ΙΙ
1012 260 1051 326 75

110 474 171 515 non
195 463 332 535 oportet
358 454 448 536 quod
460 454 597 536 angelus
609 454 665 535 qui
681 463 791 516 movet
803 453 916 515 orbem
930 454 1025 515 cedat
1036 453 1076 517 ei.

171 561 231 623 Ad
250 571 455 643 argumenta
478 581 557 642 ergo
579 560 711 622 alterius
733 559 904 641 opinionis.
933 560 993 622 Ad
1006 560 1077 641 pri-

111 686 194 727 mum
219 666 380 741 Thomae,
405 667 478 728 dico
509 667 599 747 quod
635 666 842 748 suppositum
877 675 925 728 est
948 664 1075 739 falsum,

110 773 226 835 scilicet
249 774 348 855 quod
371 774 506 854 angelus
529 773 569 835 sit
592 774 624 835 in
649 774 722 835 loco
751 794 808 855 per
842 772 1077 854 operationem,

110 880 195 959 quod
218 879 451 961 improbatum
467 888 515 941 est
539 880 570 941 in
594 898 624 946 1.
649 881 724 943 Art.
749 880 794 943 Et
815 888 981 961 praeterea,
998 879 1078 940 dato

109 987 195 1065 quod
219 995 309 1049 esset
334 1006 458 1060 verum,
472 995 609 1067 possunt
625 987 692 1049 duo
705 986 811 1069 angeli
827 1006 960 1069 operare
975 986 1078 1047 diver-

110 1092 149 1154 sis
171 1092 431 1175 operationibus.

172 1198 232 1259 Ad
252 1200 433 1261 secundum
449 1198 529 1260 dicit
549 1200 667 1273 Varr0,
684 1200 773 1281 quod
797 1200 905 1282 masor
925 1208 974 1261 est
1000 1218 1078 1262 vera

111 1304 141 1365 in
163 1305 213 1367 his
237 1327 319 1388 quae
345 1305 465 1367 habent
488 1326 558 1367 esse
581 1305 613 1367 in
637 1306 747 1388 aliquo
771 1327 827 1387 per
852 1305 1075 1368 inhaerentiam

111 1431 173 1473 non
197 1433 256 1494 per
281 1397 537 1485 inexistentiam,
563 1433 621 1493 per
657 1412 959 1476 Commentatorem
979 1430 1013 1491 J.
1037 1413 1077 1474 de

112 1517 244 1581 Anima.
270 1520 382 1581 Aliter
398 1518 476 1580 dicit
499 1518 618 1582 Scotus
634 1520 786 1601 negando
810 1521 975 1601 majorem,
1000 1518 1077 1600 quia

112 1643 172 1685 esse
194 1625 230 1687 in
257 1626 384 1688 nullam
408 1625 484 1687 dicit
507 1625 710 1687 essentialem
735 1625 959 1687 habitudinem
983 1625 1024 1686 ad
1041 1625 1078 1685 il-

113 1729 165 1792 lud
187 1732 219 1793 in
244 1753 316 1814 quo
340 1740 405 1808 est;
422 1752 486 1794 esse
510 1740 622 1794 autem
646 1732 687 1794 ab
711 1732 789 1794 dicit
823 1731 1075 1813 dependentiam

114 1837 153 1898 ab
174 1838 229 1900 illo
253 1860 274 1901 a
298 1860 367 1921 quo
390 1847 448 1912 est,
472 1847 505 1901 et
528 1848 639 1901 tamen
665 1839 765 1920 plura¹
782 1848 918 1921 possunt
940 1859 1010 1901 esse
1024 1837 1075 1911 ab,

114 1952 145 2005 et
165 1965 245 2027 ergo
270 1967 339 2009 non
362 1966 427 2008 esse
450 1946 495 2008 in.

178 2053 235 2114 Ad
256 2053 392 2116 tertium
416 2052 493 2115 dicit
517 2052 634 2127 Varro,
658 2053 749 2133 quod
772 2052 854 2114 ordo
878 2053 1015 2114 universi
1031 2061 1079 2114 at-

116 2158 253 2221 tenditur
278 2160 461 2222 secundum
485 2160 583 2221 situm
608 2160 750 2240 partium
781 2159 1016 2241 principalium,
1041 2168 1078 2220 ut

118 2284 230 2346 corpus
254 2267 389 2329 coeleste
411 2277 444 2329 et
455 2267 701 2341 elementorum,
726 2286 791 2328 non
805 2267 984 2328 secundum
1008 2287 1078 2347 par-

118 2378 164 2432 tes
185 2373 341 2454 singulas

169 2582 414 2670 'Quantum
438 2589 503 2653 ad
521 2589 746 2671 quartum,
771 2585 845 2647 dico
870 2587 959 2667 quod
982 2607 1079 2669 ange-

122 2689 166 2752 lus
187 2694 225 2754 de
240 2696 336 2775 facto
360 2714 425 2756 non
450 2704 498 2757 est
522 2696 553 2757 in
572 2694 706 2756 diversis
720 2693 797 2755 locis
820 2693 925 2767 simul,
943 2694 1019 2775 quia
1034 2716 1079 2755 se-

121 2800 260 2862 cundum
286 2802 440 2863 Damaso.
466 2801 520 2864 lib.
546 2820 575 2863 Ι.
600 2822 625 2862 c.
646 2800 866 2881 Jj.‚quando
879 2800 986 2881 angeli
1002 2811 1078 2865 suut

122 2901 151 2963 in
172 2908 255 2969 coelo
279 2928 347 2969 non
371 2917 446 2969 sunt
470 2908 501 2969 in
526 2917 620 2969 terra.
646 2910 699 2969 De
716 2906 933 2987 possibilitate
966 2917 1077 2970 autem

123 3029 227 3074 eorum
252 3014 390 3076 naturali
414 3014 543 3076 videtur
568 3014 738 3096 probabile
761 3015 851 3095 quod
876 3034 960 3075 unus
983 3035 1081 3095 ange-

124 3116 168 3179 lus
189 3140 252 3183 non
277 3121 380 3202 possit
402 3141 470 3182 esse
494 3122 525 3183 in
549 3121 679 3183 duobus
707 3121 784 3182 locis
818 3121 912 3182 simul
937 3142 1078 3201 quorum

126 3232 250 3308 uterque
274 3228 316 3289 sit
339 3227 398 3288 sibi
421 3228 623 3309 adaequatus.

184 3332 247 3396 Sed
271 3333 409 3396 dubium
433 3343 481 3396 est
504 3335 528 3395 si
554 3334 616 3396 hoc
641 3342 752 3415 posset
785 3333 852 3395 fieri
884 3355 941 3415 per
964 3343 1079 3414 poten-

126 3435 195 3499 tiam
217 3441 372 3512 divinam‚
397 3441 485 3522 quod
510 3462 594 3503 unus
618 3441 756 3522 angelus
780 3441 820 3502 sit
836 3440 931 3502 simul
948 3441 980 3501 in
997 3441 1078 3502 duo-

126 3541 179 3606 bus
201 3547 276 3609 locis
292 3546 473 3627 adaequatis
489 3548 557 3609 sibi.
583 3548 628 3610 Et
651 3547 875 3628 praetermissis
899 3547 950 3609 hic
974 3548 1079 3608 omni-

127 3648 180 3713 bus
201 3653 417 3737 opinionibus,
441 3655 516 3735 quia
551 3653 698 3716 diffusius
733 3654 857 3716 dicetur
892 3654 933 3715 de
957 3653 1019 3715 hoc
1043 3654 1076 3720 in
