2634 4267
332 267 522 328 Drsrmcr.
546 266 560 327 Ι
585 267 731 349 Quasi.
757 268 805 329 IV
1009 286 1045 347 31

106 478 258 531 creaturae
272 470 317 531 ad
331 471 443 532 Deum
455 480 539 532 esset
556 472 672 533 eadem
685 492 761 533 cum
774 493 834 533 suo
847 471 1071 544 fundamento,

107 585 181 637 tunc
203 576 318 638 omnia
344 577 406 638 alia
434 577 521 639 entia
551 587 657 640 essent
685 579 726 640 ad
757 579 878 661 aliquid
910 600 975 641 non
1004 589 1072 642 tan-

106 690 172 742 tum
188 683 443 755 accidentaliter,
461 684 517 745 sed
533 704 590 766 per
605 684 818 758 identitatem,
842 686 932 767 quod
955 696 1004 748 est
1026 687 1072 748 in·
1152 700 1154 702 '

105 790 350 851 convenientius
373 811 472 871 quam
497 791 606 852 omnia
629 792 819 872 apparentia
842 813 909 854 esse
925 814 1010 867 vera,
1029 803 1065 854 ut

105 894 230 957 deducit
254 896 478 977 Philosophus
501 915 532 979 4,
557 897 705 979 Metaplr.

169 1019 196 1065 2.
222 1004 399 1076 Praeterea,
425 1004 682 1083 praedicamenta
704 1014 782 1066 sunt
812 1005 987 1068 formaliter
1011 1007 1070 1067 sei-

106 1106 167 1186 psis
187 1108 345 1171 distincta
369 1109 418 1171 vel
442 1109 588 1185 diversa;
612 1111 670 1172 sed
695 1131 770 1191 quae
796 1121 871 1174 sunt
895 1112 1007 1193 seipsis
1022 1113 1067 1173 di-

108 1231 193 1275 versa
216 1236 283 1277 non
310 1214 433 1277 habent
459 1216 663 1278 identitatem
688 1218 824 1292 realem;
849 1238 928 1299 ergo
956 1219 1068 1281 relatio

107 1319 231 1383 rationis
255 1343 324 1384 non
351 1332 458 1403 potest
481 1344 550 1384 esse
574 1324 661 1385 idem
685 1324 813 1412 realiter.
834 1325 927 1385 alicui
951 1324 1068 1387 sunda-

109 1436 223 1489 mento.

164 1552 196 1610 3,
221 1536 395 1609 Praeterea,
419 1536 579 1617 equinitas
591 1546 639 1598 est
663 1545 790 1598 tantum
807 1538 976 1618 equinitas,
1007 1560 1066 1600 nec

107 1657 165 1699 una
188 1662 246 1703 nec
259 1643 382 1723 plures,
400 1651 435 1703 ut
453 1652 542 1723 patet
558 1643 696 1706 intuenti
713 1644 852 1705 Avicen.
864 1662 899 1727 5.
917 1644 1064 1725 Melaplz.

108 1742 197 1824 igitur
220 1749 291 1829 pari
305 1750 431 1811 ratione
443 1758 598 1822 creatura,
612 1750 808 1832 inquantum
829 1760 984 1825 creatura,
999 1773 1064 1813 non

106 1848 233 1915 includit
265 1855 412 1937 aliquem
440 1864 622 1937 respectum
654 1857 833 1917 secundum
862 1858 1064 1919 identitatem

109 1959 227 2021 realem.

169 2066 206 2127 In
218 2070 420 2130 contrarium
439 2070 594 2150 arguitur,
608 2069 685 2150 quia
701 2070 898 2132 essentialior
913 2079 961 2132 est
977 2091 1065 2132 com-

109 2173 224 2247 paratio
247 2168 407 2237 creaturae
432 2176 474 2237 ad
500 2178 609 2237 Deum
633 2196 734 2256 quam
759 2177 902 2237 materiae
926 2178 967 2238 ad
999 2177 1063 2238 for-

111 2294 188 2338 mam
212 2290 243 2341 et
266 2282 442 2362 compositi
465 2282 507 2343 ad
524 2292 648 2363 partes;
674 2283 730 2343 sed
753 2283 835 2344 inter
851 2283 912 2345 ista
928 2305 993 2345 non
1012 2306 1062 2345 ca-

108 2380 151 2441 dit
172 2387 335 2461 medium;
360 2409 439 2469 ergo
464 2410 521 2450 nec
545 2389 627 2450 inter
658 2391 768 2450 Deum
803 2400 835 2451 et
869 2399 1061 2452 creaturam.

110 2485 167 2550 Sed
189 2492 212 2552 si
236 2504 413 2575 poneretur
436 2496 546 2556 relatio
570 2496 629 2557 ista
646 2495 796 2557 distincta
821 2497 944 2557 realiter
960 2518 979 2557 a
1001 2519 1061 2559 suo

110 2591 327 2673 fundamento,
352 2601 434 2663 idest
457 2623 476 2661 a
511 2611 666 2674 creatura,
702 2612 781 2664 tunc
812 2613 894 2664 esset
929 2604 1061 2685 aliquod

115 2704 246 2767 medium
271 2708 356 2768 inter
379 2710 490 2769 Deum
514 2716 545 2769 et
569 2718 768 2785 creaturam;
792 2730 881 2790 ergo.

169 2810 402 2887 RESPONDEO,
428 2814 479 2875 hic
494 2824 571 2876 sunt
586 2814 646 2875 tria
663 2816 811 2877 videnda.
825 2816 949 2889 Prima,
967 2837 1061 2897 opor-

109 2919 151 2974 tet
171 2918 274 2982 videre
298 2921 483 3001 cujusmodi
507 2922 623 2983 entitas
655 2922 694 2983 sit
728 2923 844 2984 entitas
879 2924 1058 2998 relationis;

109 3025 241 3097 secunda,
266 3028 345 3089 dato
358 3028 448 3107 quod
472 3028 511 3089 sit
534 3028 655 3109 aliquid
680 3030 772 3101 reale,
797 3038 926 3109 oportet
951 3030 1059 3092 videre

112 3132 286 3203 generaliter
312 3134 336 3195 si
362 3134 421 3195 ista
445 3134 570 3196 realitas
585 3144 634 3196 est
656 3136 718 3196 alia
741 3136 919 3197 arealitate
943 3136 1058 3198 sunda-

113 3237 216 3312 menti;
241 3240 342 3314 tertia,
368 3250 497 3321 oportet
519 3241 626 3303 videre
640 3242 872 3323 particulariter
889 3242 921 3303 in
938 3263 1057 3323 propo-

112 3336 174 3412 sito,
196 3346 313 3409 scilicet
336 3347 360 3408 si
385 3348 496 3409 relatio
519 3356 676 3409 creaturae
708 3349 750 3409 ad
785 3350 895 3410 Deum
931 3348 1063 3411 differat

115 3446 223 3511 realiter
244 3473 262 3513 a
285 3464 443 3516 creatura.

176 3660 391 3745 Quantum
416 3665 482 3731 ad
492 3667 697 3749 primum
720 3676 769 3728 est
797 3668 989 3740 notandum,
1018 3669 1057 3729 si-

115 3771 162 3824 eut
181 3772 265 3849 ponit
287 3774 461 3843 Avicenna
479 3790 513 3851 j.
538 3772 686 3854 Metaplr.
709 3784 777 3853 cap.
796 3775 873 3845 ult„
899 3775 988 3854 quod
1013 3775 1055 3835 de
