2634 4267
286 284 351 348 230
529 268 603 333 Lrs.
627 269 658 331 11
683 267 978 332 §antennarum

263 475 514 537 transmutando
547 474 671 557 absque
694 483 803 536 tamen
838 472 1049 556 corruptione
1072 472 1148 535 illius
1167 493 1208 534 or·

264 580 341 664 gani
364 581 396 643 in
420 601 487 663 quo
521 589 606 656 sunt,
630 580 750 662 quibus
784 580 1019 653 transmutatis,
1044 588 1077 642 et
1112 579 1208 641 debito

265 688 366 750 modo
389 686 432 749 ad
455 687 594 750 invicem
625 687 790 762 ordinatis
815 687 889 769 plus
923 707 1025 769 quarn
1050 687 1132 768 prius
1153 706 1208 746 ma·

265 793 315 876 gis
337 792 436 856 habet
451 793 623 875 disponere
645 794 688 856 ad
700 793 958 875 intelligendum.
984 794 1030 856 Et
1053 802 1100 856 est
1113 811 1206 854 exem-

265 899 375 982 plum:
400 900 482 962 sicut
505 921 548 964 ex
571 899 683 982 paucis
707 899 803 963 literis
830 899 1049 974 diversimode
1071 897 1206 962 ordinatis

265 1005 348 1068 fiunt
371 1007 506 1069 diversae
522 1007 832 1089 repraesentationes,
856 1007 901 1069 ita
917 1027 961 1069 ex
984 1007 1105 1069 eisdem
1120 1005 1204 1087 phan-

264 1113 458 1176 tasmatibus
480 1114 544 1176 alio
566 1122 599 1176 et
622 1114 685 1175 alio
710 1115 810 1176 modo
833 1114 989 1177 ordinatis
1020 1112 1102 1176 fiunt
1122 1113 1207 1190 diver-

264 1241 310 1284 sae
334 1219 643 1302 repraesentationes
668 1221 904 1302 propterquod
927 1221 1046 1284 dicitur
1069 1239 1098 1283 Ι.
1119 1219 1203 1300 dege·

265 1328 430 1391 rreratione
452 1327 542 1408 quod
565 1347 609 1390 ex
631 1327 753 1390 eisdem
786 1327 883 1390 literis
907 1326 990 1390 fiunt
1014 1326 1164 1390 comaedia
1179 1333 1204 1386 et

265 1434 432 1516 tragaedia,
446 1433 528 1496 idest
550 1454 661 1497 versos
684 1435 876 1497 resultantes
899 1433 931 1496 in
956 1434 1086 1496 laudern
1108 1434 1153 1496 vel
1172 1431 1206 1509 vi-

266 1541 440 1623 tuperium.

333 1754 394 1816 AD
418 1766 562 1816 PRIMUM
594 1767 812 1816 PRINCIPALE
844 1752 919 1816 dico
950 1754 1041 1835 quod
1065 1775 1127 1816 non
1157 1751 1206 1814 sru-

265 1869 332 1923 stra
355 1861 497 1922 custodit
520 1859 698 1935 hominem,
722 1869 794 1922 turn
812 1860 894 1942 ‘quia
919 1869 1027 1942 potest
1050 1860 1161 1942 aliquid
1174 1857 1205 1919 el·

266 1967 361 2030 ficere
384 1967 580 2048 dispositive,
605 1975 676 2028 turn
701 1966 777 2049 quia
800 1967 989 2030 custodiunt
1024 1989 1083 2030 nos
1104 1989 1122 2028 a
1143 1965 1205 2026 rnul-

266 2074 307 2136 tis
340 2074 643 2155 impugnationibus
672 2074 884 2148 daemonum,
911 2082 946 2135 ut
969 2074 1041 2137 vult
1071 2074 1206 2151 Hierony·

270 2200 345 2242 mus
367 2190 463 2260 super
485 2179 609 2244 Matth.

333 2287 392 2348 Ad
411 2288 586 2349 secundum
610 2285 684 2350 dic'o
715 2286 806 2368 quod
830 2287 937 2370 major
966 2297 1016 2350 est
1039 2309 1111 2350 vera
1131 2287 1205 2347 durn-

267 2394 368 2454 modo
403 2414 469 2455 non
493 2393 532 2455 sit
555 2393 829 2475 impedimentum
864 2393 896 2456 in
921 2414 1017 2475 passo
1042 2395 1141 2455 minus
1160 2411 1205 2451 ex-

267 2500 403 2564 cellenti.
440 2499 505 2564 Sed
528 2501 561 2562 in
596 2500 765 2582 proposito
789 2501 862 2562 dico
896 2500 987 2582 quod
1018 2510 1066 2563 est
1094 2495 1205 2580 impedi-

267 2616 416 2669 mentum
452 2607 484 2669 in
508 2615 620 2670 nostro
643 2607 807 2669 intellectu
843 2628 903 2689 pro
927 2615 1014 2670 statu
1053 2609 1119 2682 ist0,
1141 2612 1204 2686 puta

268 2712 473 2795 phantasma.

335 2821 394 2882 Ad
413 2820 545 2883 tertium
569 2821 685 2883 eodem
711 2821 820 2896 m0d0,
857 2821 947 2902 quod
971 2821 1126 2884 sensibilia
1146 2834 1203 2898 pos-

268 2935 345 2989 sunt
367 2927 541 2989 immutare
564 2926 762 2990 intellectum
787 2947 847 3008 pro
860 2937 946 2989 statu
971 2927 1044 3003 isto,
1067 2927 1136 3009 quia
1150 2921 1204 2984 nul·

268 3033 337 3095 lum
361 3042 408 3096 est
431 3033 722 3117 impedimentum;
746 3034 803 3096 sed
834 3034 1046 3116 intelligentia
1068 3053 1129 3096 non
1158 3047 1202 3109 po·

269 3147 341 3214 test,
366 3140 442 3222 quia
465 3139 564 3202 habet
586 3140 868 3221 impedimentum,
895 3149 930 3202 ut
954 3149 1002 3203 est
1025 3141 1149 3203 dictum.

700 3323 803 3678 l
