2634 4267
216 321 260 367 22
467 304 541 365 L1B.
566 303 595 364 ll
620 304 912 367 Snnrnmrlnuu

197 511 267 591 plar
292 509 461 582 Creatoris,
487 529 615 571 necesse
639 508 737 571 habet
761 530 881 590 ponere
904 509 1055 589 possibile
1089 530 1163 571 esse

198 617 305 697 plures
330 617 487 690 mundos;
512 616 568 677 sed
592 615 727 697 quilibet
750 615 923 697 theologus
947 616 1039 696 ponit
1067 637 1164 677 mun-

199 723 278 783 dum
304 720 426 783 factum
450 723 629 784 secundum
653 722 822 802 exemplar
862 721 1040 796 Creatoris;
1079 743 1163 803 ergo

199 828 372 909 theologus
396 828 531 910 quilibet
555 828 653 890 habet
676 828 781 889 dicere
797 828 948 908 possibile
967 849 1036 890 esse
1052 830 1162 909 plures

201 936 350 997 mundos
376 934 459 996 Dico
482 955 561 1016 ergo
599 936 779 996 secundum
803 955 858 996 eos
881 935 971 1015 quod
1009 935 1163 1016 possibile

157 1036 160 1043 ’
198 1049 339 1102 estesse
363 1050 395 1103 et
417 1040 484 1102 fieri
509 1042 615 1122 plures
640 1040 787 1104 mundos

274 1148 303 1209 T
299 1168 361 1209 urzc
383 1148 431 1209 ad
450 1158 646 1229 argumenta
671 1147 784 1229 prioris
818 1147 979 1227 opinionis
1009 1147 1160 1210 Thomae.

201 1254 259 1315 Ad
262 1254 411 1334 primum
424 1254 497 1316 dico
510 1254 598 1335 quod
612 1254 695 1315 bene
707 1254 872 1315 concludit
884 1255 925 1315 de
940 1263 1059 1335 agente
1071 1255 1162 1334 quod

202 1361 269 1442 agit
304 1361 438 1422 materia
468 1360 646 1422 necessario
682 1361 929 1441 praesupposita.
955 1362 1016 1423 Est
1050 1370 1161 1423 autem

202 1466 280 1529 falsa
304 1468 344 1529 de
356 1476 473 1548 agente
489 1468 595 1548 primo
608 1468 698 1549 quod
715 1468 865 1548 producit
880 1468 921 1529 de
945 1468 1055 1540 nihilo,
1084 1488 1160 1529 nam

203 1575 414 1655 producendo
427 1574 525 1635 alium
544 1574 716 1647 mundum,
742 1574 934 1654 produceret
950 1575 1048 1635 etiam
1065 1574 1162 1635 aliam

204 1701 322 1742 novam
341 1681 524 1759 materiam;
541 1701 629 1761 ergo,
647 1717 691 1726 —
707 1681 765 1742 Ad
784 1680 958 1741 secundum
983 1681 1056 1741 dico
1072 1681 1163 1762 quod

203 1787 256 1849 illa
279 1808 353 1869 quae
378 1808 443 1849 non
468 1786 589 1848 habent
604 1787 646 1847 ad
671 1787 808 1848 invicem
840 1787 1079 1848 connexionem
1096 1807 1162 1848 non

205 1903 377 1955 moventur
400 1894 442 1955 ad
465 1894 605 1955 eundem
630 1895 749 1966 locum,
786 1893 873 1954 unde
896 1894 956 1954 ista
983 1894 1045 1954 alia
1079 1903 1164 1955 terra

204 2022 270 2063 non
295 2010 478 2062 moveretur
501 2000 543 2061 ad
567 2009 714 2061 centrum
745 2000 835 2061 istius
870 2000 994 2073 mundi,
1030 2001 1102 2073 sed*
1121 2000 1164 2060 ad

205 2108 373 2188 proprium
412 2116 576 2169 centrum.
612 2142 656 2152 —
690 2106 748 2168 Ad
780 2105 911 2168 tertium
950 2107 991 2168 de
1022 2107 1164 2167 motori-

204 2214 281 2287 buS,
317 2214 390 2275 dico
430 2214 519 2295 quod
554 2213 719 2274 concludit
758 2214 799 2274 de
837 2213 1018 2274 motoribus
1053 2213 1164 2293 depu-

204 2321 279 2381 tatis
302 2321 344 2381 ad
366 2320 436 2401 ipsa
460 2319 607 2381 mobilia:
634 2320 724 2380 Deus
747 2328 857 2381 autem
883 2340 948 2381 non
972 2329 1020 2381 est
1056 2328 1164 2380 motor

205 2428 379 2508 deputatus
403 2427 444 2488 ad
468 2426 600 2507 aliquod
625 2426 754 2499 mobile,
779 2426 835 2487 sed
859 2426 966 2487 solum
995 2426 1165 2487 voluntate

205 2555 263 2595 sua
287 2543 393 2614 potest
410 2554 541 2595 movere
564 2534 786 2613 quodcunque
810 2532 939 2597 mobile.
963 2569 1008 2579 -
1030 2533 1089 2594 Ad
1116 2533 1163 2594 ul-

205 2641 322 2703 timum
346 2640 419 2701 dico
443 2640 532 2721 quod
557 2660 622 2701 non
645 2648 694 2701 est
717 2639 946 2700 inconveniens
967 2640 1057 2720 quod
1075 2639 1165 2701 Deus

206 2756 314 2828 posset
338 2767 479 2808 vacuum
503 2745 616 2819 facere,
648 2746 751 2807 immo
782 2746 909 2806 videtur
938 2746 1163 2816 necessarium,

205 2854 281 2935 quia
305 2854 410 2933 posito
434 2853 523 2934 quod
548 2853 638 2913 Deus
662 2852 853 2913 annihilaret
868 2861 976 2913 totum
1004 2872 1112 2913 aerem
1134 2862 1165 2913 et

143 3036 145 3041 Ι
206 2960 365 3042 quidquid
389 2969 471 3021 esset
494 2958 575 3020 infra
599 2959 699 3020 latera
722 2959 925 3032 continentis,
950 2960 1009 3019 ista
1040 2942 1173 3020 annihiss

207 3068 282 3129 latio
306 3075 388 3128 esset
412 3066 443 3127 in
466 3066 610 3140 instanti;
636 3086 723 3126 nunc
746 3074 856 3126 autem
880 3066 905 3125 si
934 3074 1048 3126 natura
1073 3065 1166 3127 debe·

207 3183 254 3235 ret
278 3174 399 3253 replere
411 3173 490 3234 illud
514 3172 666 3252 spatium,
684 3172 746 3233 hoc
770 3192 835 3233 non
853 3170 943 3233 fieret
960 3172 1019 3232 nisi
1036 3172 1068 3232 in
1085 3180 1165 3233 tem-

208 3300 304 3361 pore;
329 3280 427 3360 igitur
450 3280 491 3341 ad
517 3280 623 3340 minus
647 3300 706 3359 pro
730 3280 838 3359 aliquo
863 3278 993 3339 instanti
1009 3280 1166 3359 temporis

208 3395 290 3447 esset
313 3406 465 3453 vacuum.
491 3385 635 3448 Secundo
659 3386 732 3447 dico
767 3386 856 3467 quod
892 3385 1003 3465 positis
1038 3385 1167 3446 duobus

210 3493 340 3554 mundis
363 3492 604 3566 orbicularibuS,
629 3512 694 3553 non
709 3500 840 3573 propter
863 3491 928 3553 hoc
951 3501 1034 3553 esset
1047 3512 1167 3571 ponere

209 3620 360 3673 vacuum,
374 3599 449 3680 quia
462 3608 754 3680 quantumcunque
770 3620 803 3660 se
815 3607 986 3679 tangerent
999 3598 1029 3659 in
1044 3608 1167 3678 puncto

210 3716 303 3767 extra
319 3715 429 3767 tamen
446 3706 531 3786 ipsos
555 3706 697 3766 mundos
713 3725 772 3766 nec
788 3725 929 3766 vacuum
954 3724 1012 3765 nec
1032 3705 1168 3785 plenum
