2634 4267
344 293 529 359 Drsrrnor.
553 296 599 358 111
624 294 770 377 QuAEsT.
795 297 825 358 11
1008 311 1065 378 115

131 501 293 582 propriam
331 502 533 565 divisionem.
558 539 603 549 —
639 502 754 575 Tertio,
789 502 953 584 quianon
976 512 1025 566 est
1048 505 1090 566 ad

129 609 344 689 propositum,
369 608 445 690 quia
467 608 685 690 quantitativa
709 608 822 671 divisio
846 618 894 671 est
916 611 958 671 ad
983 619 1090 692 partes

128 714 309 797 integrales
336 736 396 778 nos
418 724 527 778 autem
553 715 717 798 loquimur
739 716 780 778 de
796 716 951 778 divisione
973 718 1089 798 speciei

127 821 156 882 in
178 823 288 902 partes
301 822 505 902 subjectivas.
523 859 567 869 —
591 822 682 885 Etsi
697 843 823 904 arguas
838 823 927 904 quod
944 823 1090 904 Porphy-

128 927 187 990 rius
210 929 291 991 dicit
323 930 414 1010 quod
444 930 567 1010 species
590 938 638 991 est
670 938 782 991 atoma
809 938 841 992 et
879 930 1105 1005 indivisibilis.

128 1035 194 1096 dico
209 1037 303 1116 quod
320 1056 434 1097 verum
450 1045 498 1098 est
514 1037 556 1098 de
570 1036 728 1098 divisione
751 1057 849 1118 penes
869 1037 1087 1099 diversitatem

128 1141 324 1222 specificam,
342 1163 408 1204 non
433 1155 543 1204 autem
569 1143 610 1205 de
625 1143 784 1206 divisione
807 1144 922 1225 speciei
939 1144 971 1205 in
989 1144 1090 1206 diver·
1119 1193 1122 1198 .

128 1248 250 1310 sitatem
276 1249 489 1311 numeralem.

189 1355 248 1417 Ad
268 1357 457 1428 secuudum,
478 1376 554 1418 cum
578 1356 696 1418 dicitur
712 1357 795 1438 ignis
818 1357 1028 1439 distinguitur
1044 1359 1085 1421 ab

125 1460 205 1542 igne,
229 1463 309 1544 quia
334 1461 439 1524 forma
454 1462 663 1544 distinguitur
679 1484 698 1524 a
714 1462 827 1537 forma,
851 1464 991 1528 concedo,
1017 1464 1083 1527 Sed

126 1589 197 1630 cum
213 1570 337 1632 dictur:
362 1568 466 1631 forma
496 1569 705 1651 distinguitur
728 1591 747 1632 a
774 1570 879 1632 forma
903 1591 959 1651 per
989 1580 1087 1633 mate·

126 1674 211 1749 riam,
251 1677 328 1738 dico
359 1677 449 1758 quod
484 1675 602 1738 falsum
633 1686 691 1750 est,
725 1687 757 1739 et
798 1686 910 1739 contra
945 1677 1087 1740 Philoso-

125 1780 224 1860 phum
259 1802 292 1848 2.
318 1781 439 1863 Phys..
478 1792 591 1845 contra
627 1783 928 1846 Commentatorem
953 1804 981 1846 Ι.
1007 1793 1039 1846 et
1053 1804 1085 1850 2.

125 1887 161 1948 de
175 1890 313 1964 Anima,
337 1899 369 1951 et
392 1898 505 1951 contra
528 1889 734 1952 Avicennam
750 1911 780 1954 2.
798 1890 944 1972 Metuplz.
972 1913 997 1952 c.
1026 1892 1084 1954 ult.

118 1993 203 2057 sicut
225 1996 443 2059 declarabitur
466 1997 498 2058 in
523 1997 669 2077 sequenti
693 1997 853 2060 Articulo.

186 2103 244 2164 Ad
265 2103 408 2177 tertium,
433 2103 577 2165 concedo
601 2104 691 2184 quod
715 2125 872 2185 generans
896 2114 1029 2186 generat
1044 2105 1085 2168 de

127 2211 256 2272 materia
288 2219 421 2291 quanta,
445 2219 483 2272 ut
505 2219 553 2271 est
577 2211 608 2271 in
633 2221 787 2292 corrupto
818 2233 883 2273 non
908 2213 939 2273 in
964 2212 1083 2293 genito.

195 2421 422 2506 Quantum
443 2424 508 2488 ud
525 2427 737 2507 quartum
763 2423 1010 2488 Arte'uulum
1036 2432 1085 2485 est

124 2527 250 2610 opinio
278 2526 439 2609 Thomoe,
465 2531 555 2612 quod
571 2530 783 2612 individuatio
806 2530 873 2592 sive
895 2530 1082 2610 multiplica-

124 2633 167 2694 tio
188 2635 431 2698 individuorum
456 2636 513 2699 fiat
536 2659 592 2718 per
611 2637 788 2711 materiam,
813 2637 902 2718 quod
926 2637 1083 2718 probatur

126 2742 229 2804 multis
252 2743 499 2806 auctoritatibus
530 2743 727 2825 Philosophi.
753 2744 814 2805 Ait
845 2743 930 2804 enim
950 2762 985 2825 5.
1015 2744 1083 2804 Me-

126 2847 231 2926 tuph„-
256 2871 361 2912 unum
379 2871 515 2913 numero
531 2859 607 2912 sunt
622 2871 763 2932 quorum
786 2850 919 2911 materia
942 2859 990 2911 est
1007 2870 1081 2910 una.

124 2952 200 3016 Item
217 2977 247 3041 7.
265 2956 413 3042 Metuplz.
430 2958 524 3019 dicit:
550 2978 708 3039 generans
724 2965 856 3039 generat
880 2956 967 3018 aliud
985 2977 1082 3038 prop-

126 3066 169 3120 ter
192 3063 378 3127 materiam:
402 3065 527 3126 Tullius
557 3064 643 3126 enim
668 3074 700 3126 et
731 3073 832 3125 sortes
856 3063 982 3125 diversa
1005 3073 1081 3124 sunt

125 3180 252 3250 propter
286 3171 473 3232 materiam.
505 3173 587 3250 Item
619 3190 670 3233 12.
704 3169 851 3251 Metapa.
884 3170 960 3231 dicit
991 3171 1081 3250 quod

126 3294 186 3338 non
209 3286 348 3360 possunt
364 3298 433 3339 esse
457 3278 563 3358 plures
579 3277 664 3351 coeli,
689 3277 764 3358 quia
784 3297 990 3358 quaecunque
1006 3286 1082 3338 sunt

126 3383 222 3446 multa
252 3404 391 3446 numero
422 3383 543 3446 habent
576 3385 754 3446 materiam.
787 3385 870 3445 Item
899 3401 924 3445 1.
957 3383 1030 3444 culi
1051 3392 1083 3443 et

126 3490 245 3564 mundi,
274 3511 351 3553 cum
376 3489 449 3552 dico
466 3489 528 3550 hoc
552 3491 683 3564 coelum,
709 3490 781 3551 dico
798 3488 938 3552 formam
962 3490 994 3550 in
1012 3509 1080 3550 ma-

126 3596 245 3660 teriam.
581 3599 584 3604 ’

190 3702 310 3768 Contra
336 3702 434 3764 istam
459 3701 639 3782 opinionem
655 3723 759 3784 arguo
775 3703 887 3785 primo
910 3722 966 3785 per
984 3701 1082 3766 Com-
