2634 4267
280 271 475 334 Drsrnrcr.
499 272 544 333 ΙΙΙ
568 269 718 352 QuAEsr.
742 271 788 334 111
972 285 1029 351 125

96 475 148 556 geli
168 475 200 536 in
214 476 334 538 eadem
352 475 469 558 specie,
489 485 561 538 tum
582 485 714 558 propter
730 476 901 539 articulum
923 497 1055 539 excom-

97 583 287 645 municatum
312 582 373 664 qui
397 583 483 656 dicit,
508 582 647 645 formam
672 604 738 645 non
756 583 960 664 multiplicari
985 583 1054 646 sine

98 689 226 762 materia,
247 710 339 751 error
357 699 421 765 est;
441 699 512 752 tum
533 690 610 770 quia
625 690 747 751 nullam
764 690 1053 752 contradictionem

95 793 234 874 implicat,
260 817 323 858 nec
348 817 369 858 a
393 805 483 878 parte
517 817 624 858 causae
648 817 724 858 cum
748 796 789 858 sit
824 797 978 877 potentiae
1006 797 1053 858 in-

97 898 194 976 linitae,
206 923 266 964 nec
279 924 300 964 a
317 912 413 984 parte
424 902 556 964 effectus
568 923 644 964 cum
662 903 755 964 nulla
767 903 931 984 quidditas
944 903 984 964 sit
997 924 1056 965 sua

97 1006 300 1088 singularitas,
323 1031 368 1072 ex
391 1029 421 1072 I.
449 1010 521 1071 Art.
540 1019 638 1090 praec.
672 1008 791 1084 Quaest.
813 1009 922 1072 Omne
945 1019 1055 1072 autem

98 1114 161 1188 tale,
176 1137 240 1196 qua
256 1117 386 1179 ratione
402 1126 509 1198 potest
531 1137 601 1178 esse
616 1117 648 1178 in
670 1138 744 1191 uno,
763 1118 833 1199 pari
850 1118 974 1180 ratione
997 1137 1052 1199 po

98 1227 152 1282 test
165 1242 231 1284 esse
246 1223 279 1285 in
305 1224 378 1286 aliis
397 1224 553 1305 pluribuS,
573 1224 754 1286 secundum
770 1225 856 1286 viam
870 1224 1051 1287 Avicennae

99 1344 124 1386 Ι.
139 1328 279 1411 Metaplz.
297 1351 324 1392 c.
336 1349 390 1412 μ’
408 1331 494 1392 unde
509 1339 558 1391 est
574 1329 652 1390 mihi
670 1330 729 1392 ista
742 1330 853 1412 regula
868 1331 959 1412 quod
972 1351 1053 1392 cum

99 1430 202 1513 loquor
225 1436 266 1498 de
290 1437 440 1518 potentia
474 1437 546 1510 Dei,
571 1436 721 1517 quamvis
753 1438 974 1510 noncredam
998 1438 1052 1499 de-

100 1538 191 1614 ficere,
214 1551 327 1604 tamen
352 1544 378 1604 si
402 1541 517 1605 deficio
540 1543 634 1604 citius
657 1543 732 1605 volo
764 1541 902 1605 deficere
926 1544 958 1604 in
983 1544 1056 1625 plus

100 1665 187 1725 quam
210 1649 241 1710 in
267 1650 378 1711 minus
401 1650 429 1711 ei
452 1650 668 1712 attribuendo.
693 1649 787 1713 —Si
811 1671 888 1712 vero
912 1651 1055 1731 quaestio

101 1752 134 1812 sit
154 1755 191 1816 de
205 1757 310 1836 facto,
331 1767 412 1819 tunc
435 1757 612 1838 distinguo,
626 1757 703 1837 quia
724 1758 909 1838 autquaerit
933 1767 1057 1819 senten-

101 1857 170 1920 tiam
192 1863 433 1944 affirmativam
456 1864 506 1925 vel
525 1863 742 1943 probabilem.
766 1863 799 1926 Si
818 1864 927 1944 prium
950 1865 1051 1936 niodo,

102 1962 191 2027 fateor
212 1971 346 2044 nescire,
372 1979 442 2031 tum
466 1971 543 2051 quia
565 1970 611 2031 sic
635 1970 734 2051 ponit
757 1971 912 2051 Magister
936 1971 967 2031 in
992 1970 1055 2032 ista

104 2069 179 2133 Dist.
201 2075 286 2137 circa
304 2077 449 2138 medium
464 2096 495 2138 2.
512 2087 580 2157 cap.
591 2100 607 2150 ,·
623 2085 695 2138 tum
712 2076 789 2157 quia
806 2077 951 2158 ipsarum
968 2077 1056 2139 intel-

103 2177 293 2258 ligentiarum
323 2205 430 2258 causa,
462 2184 544 2245 idest
575 2184 726 2275 voluntas
760 2184 872 2245 divina
896 2193 944 2244 est
977 2184 1055 2245 mihi

105 2282 263 2367 incognita,
279 2300 312 2352 et
336 2311 406 2352 esse
420 2290 611 2372 angelorum
628 2290 840 2371 incognitum,
866 2291 942 2372 quia
968 2292 1055 2354 nulla

104 2391 267 2457 substantia
291 2406 404 2458 movet
425 2397 531 2459 adsui
555 2397 776 2478 cognitionem
801 2419 860 2478 pro
884 2406 969 2459 statu
994 2398 1055 2459 isto

105 2497 170 2576 quia
180 2509 254 2564 tunc
267 2524 439 2584 possemus
455 2504 640 2565 naturaliter
663 2524 859 2585 cognoscere
875 2504 1054 2565 absentiam

106 2605 186 2680 panis
216 2608 247 2670 in
280 2609 499 2683 Eucharistia,
528 2611 617 2690 quod
648 2619 697 2670 est
728 2609 861 2672 falsum.
888 2610 920 2672 Si
945 2621 1054 2672 autem

107 2727 219 2787 quaeras
234 2716 274 2777 de
290 2717 471 2798 quaestione
473 2714 686 2797 probabiliter
699 2717 871 2797 loquendo,
883 2717 955 2778 dico
964 2719 1054 2798 quod

108 2815 200 2892 plures
221 2823 327 2904 angeli
351 2832 426 2884 sunt
450 2823 482 2884 in
498 2823 611 2884 eadem
636 2823 751 2903 specie,
777 2825 866 2904 quod
899 2824 1055 2904 probatur

164 2924 272 2990 Primo
295 2930 357 2991 sic:
382 2929 488 2991 omnis
511 2929 674 3010 quidditas
697 2939 857 3010 quantum
886 2939 934 2991 est
958 2931 999 2991 de
1022 2952 1055 2992 se

110 3035 150 3088 est
177 3035 466 3115 communicabilis;
498 3036 554 3097 sed
578 3036 666 3097 nulla
699 3037 863 3117 quidditas
894 3046 942 3099 est
965 3058 1053 3099 com-

110 3137 293 3204 municabilis
310 3142 476 3205 identitate
492 3143 648 3204 numerali
673 3143 731 3204 nisi
755 3144 795 3204 sit
819 3142 958 3220 infinita;
975 3165 1055 3225 ergo

111 3243 248 3317 quaelibet
281 3248 449 3330 quidditas
483 3249 545 3310 alia
579 3258 626 3311 est
662 3250 942 3312 communicabilis
978 3271 1054 3312 cum

111 3341 298 3418 distinctione
322 3351 491 3429 numerali,
515 3357 605 3437 quod
628 3366 677 3418 est
701 3357 915 3438 propositum.

169 3455 305 3524 Secundo
328 3461 390 3523 sic:
415 3463 569 3543 quaelibet
585 3463 750 3544 quidditas
767 3473 923 3526 creaturae
949 3473 1057 3545 potest

113 3555 228 3647 intelligi
257 3569 318 3631 sub
342 3567 465 3631 ratione
497 3569 699 3646 universalis;
735 3571 791 3632 sed
816 3571 840 3632 si
876 3571 945 3651 ipsa
973 3582 1057 3634 esset

114 3663 148 3726 de
166 3689 196 3732 se
216 3673 285 3751 hoc,
310 3675 522 3739 contradictio
545 3686 628 3739 esset
663 3677 766 3758 ipsam
795 3676 970 3759 intelligere
994 3678 1057 3740 sub
