2634 4267
360 262 548 351 Drsrrncr.
572 288 585 349 1
611 286 757 368 Qunsr.
783 287 832 349 IV
1007 263 1070 367 ‘39

116 472 281 578 quaelibet
297 494 478 557 substantia
494 502 601 556 creata
623 502 673 555 est
688 492 846 565 accidens
864 493 939 574 quia
955 503 1004 555 est
1022 514 1091 556 mu-

118 602 249 680 tabilis;
273 609 332 663 aut
354 600 471 681 accipit
494 600 537 661 ibi
560 600 710 661 accidens
731 620 791 680 pro
807 600 981 672 amissibili,
998 602 1088 681 quod

121 710 256 780 seilicet,
282 717 434 769 manente
457 706 520 768 alio
543 715 649 787 potest
673 705 787 779 amitti,
812 715 890 767 tunc
921 707 992 768 talis
1017 708 1094 768 rela-

120 816 170 877 tio
196 834 263 877 non
287 822 336 875 est
358 813 516 886 accidens
541 812 617 893 quia
640 832 706 874 non
731 821 838 893 potest
861 822 1008 875 creatura
1027 834 1093 875 ma-

102 942 204 984 ·nere
236 921 304 983 sine
327 920 386 981 ista
410 920 572 981 relatione.

194 1022 268 1093 Est
287 1043 378 1113 ergo
400 1024 508 1092 tertia
531 1023 664 1109 Opimi).
683 1020 897 1107 Scolr'quam
914 1035 1009 1087 teneo
1033 1026 1090 1107 qui

127 1134 224 1216 ponit
247 1134 328 1194 duas
352 1132 591 1195 Conclusiones.
617 1131 735 1194 Prima
759 1134 847 1213 quod
872 1132 983 1194 relatio
1008 1153 1095 1194 crea·

126 1251 214 1302 turae
238 1240 280 1300 ad
305 1242 414 1302 Deum
438 1247 487 1301 est
517 1239 602 1300 idern
635 1239 759 1300 realiter
782 1260 841 1300 suo
870 1238 1093 1301 fundamento

130 1347 284 1410 Secunda
307 1346 396 1427 quod
420 1345 627 1426 distinguitur
643 1344 819 1407 formaliter
834 1346 876 1407 ab
900 1367 948 1407 eo.

197 1449 488 1515 PrimaCunclusr'o
511 1452 667 1533 probatur
691 1453 753 1513 sic:
778 1453 861 1514 Illud
885 1452 1000 1513 dicitur
1017 1473 1090 1533 pro·

128 1560 200 1641 prie
222 1580 291 1621 esse
314 1560 400 1620 idem
428 1558 521 1620 alicui
557 1559 764 1621 essentialiter
796 1560 845 1620 vel
871 1559 994 1620 realiter
1024 1559 1092 1619 sine

130 1686 299 1748 quocum
323 1666 406 1726 inest
428 1686 493 1726 non
524 1675 632 1745 potest
662 1686 730 1727 esse
761 1665 828 1727 sine
858 1686 897 1727 eo
928 1666 980 1727 cui
1013 1666 1096 1727 inest

129 1774 257 1854 absque
272 1772 543 1851 contradictione;
561 1771 616 1833 sed
630 1772 741 1833 relatio
754 1782 909 1834 creaturae
922 1773 964 1834 ad
982 1774 1093 1833 Deum

131 1881 178 1941 sic
202 1880 283 1941 inest
307 1888 463 1940 creaturae
491 1880 580 1959 quod
611 1880 809 1960 impossibile
835 1888 884 1940 est
911 1888 1091 1940 creaturam

130 2007 201 2048 esse
224 1986 291 2048 sine
315 2007 353 2047 ea
375 1986 498 2067 absque
522 1986 792 2060 contradictione;
817 2007 906 2068 ergo.
938 1986 1090 2047 Probatio

133 2093 288 2155 minoris:
315 2091 485 2174 Quidquid
509 2101 615 2173 potest
638 2113 707 2154 esse
722 2093 790 2154 sine
803 2093 966 2166 relatione,
989 2101 1096 2173 potest

134 2220 204 2261 esse
228 2200 296 2260 sine
319 2200 457 2260 termino
481 2199 571 2260 istius
595 2199 772 2274 relationis;
790 2201 846 2261 sed
867 2208 1014 2260 creatura
1030 2218 1096 2259 non

133 2314 243 2386 potest
265 2326 335 2367 esse
358 2305 425 2367 sine
447 2305 585 2367 termino
609 2306 770 2367 relationis
793 2306 892 2378 istius,
917 2305 993 2386 quia
1016 2314 1094 2366 tunc

134 2421 245 2493 posset
270 2432 399 2473 manere
422 2414 495 2474 Deo
519 2432 585 2473 non
610 2421 771 2485 manente,
795 2412 850 2493 qui
874 2422 922 2473 est
938 2411 1096 2473 terminus

135 2519 227 2581 istius
251 2518 421 2580 relationis

204 2623 351 2687 Secundo
385 2625 434 2686 ad
457 2624 643 2706 principale
677 2625 738 2687 sic:
768 2624 938 2705 Quidquid
979 2623 1097 2685 dicitur

128 2730 338 2794 uniformiter
362 2731 402 2792 de
425 2732 514 2793 omni
538 2731 600 2793 alio
623 2731 797 2793 atermino
821 2751 886 2793 non
908 2730 1025 2793 accidit
1041 2731 1097 2791 ali-

134 2839 188 2899 cui
212 2838 302 2899 dicto
324 2838 366 2898 ad
381 2838 575 2913 terminum;
615 2838 670 2899 sed
700 2838 822 2899 relatio
861 2847 1016 2900 creaturae
1052 2837 1094 2898 ad

137 2947 250 3007 Deum
275 2942 476 3005 uniformiter
500 2944 616 3006 dicitur
640 2946 681 3006 de
704 2944 794 3006 omni
810 2965 849 3006 eo
872 2945 962 3025 quod
979 2944 1098 3005 dicitur

134 3053 178 3113 ad
202 3052 302 3113 istum
326 3051 519 3126 terminum;
543 3072 622 3132 ergo
646 3051 724 3113 nulli
753 3052 878 3124 accidit,
911 3060 943 3112 et
974 3052 1018 3111 ita
1048 3060 1099 3113 est
1150 3074 1153 3082 ’

137 3160 224 3221 idem
250 3156 474 3221 fundamento,
491 3158 643 3219 Probatio
668 3158 822 3230 minoris,
850 3158 926 3239 quia
950 3158 975 3218 si
1003 3158 1097 3219 alicui

135 3265 306 3337 accideret,
331 3263 400 3345 pari
424 3263 546 3325 ratione
569 3274 602 3325 et
617 3265 725 3340 alteri;
750 3273 828 3326 tunc
852 3284 1032 3345 quaererem
1057 3265 1098 3325 de

136 3372 292 3434 relatione
315 3391 381 3451 qua
405 3370 474 3451 ipsa
497 3371 655 3432 diceretur
679 3372 819 3444 relative,
844 3380 875 3432 et
899 3371 943 3432 sic
967 3370 999 3432 in
1027 3369 1100 3431 infi-

138 3479 255 3542 nitum.

208 3584 329 3649 Contra
364 3584 513 3666 primum
548 3584 707 3646 rationem
743 3584 878 3646 instatur
906 3583 983 3664 quia
1019 3592 1101 3646 tunc

135 3693 290 3775 quaelibet
306 3690 422 3755 relatio
438 3710 513 3771 quae
537 3690 653 3752 inesset
668 3690 814 3751 essentiae
838 3690 956 3751 divinae
973 3710 1030 3771 per
1051 3711 1102 3752 ac-
