2634 4267
289 291 353 352 240
507 273 581 336 Lm.
596 275 636 336 ,ΙΙ
662 273 957 337 Sunrsurnnuu

244 479 340 545 lum
364 486 495 561 oportet
518 479 714 562 respondere
737 480 780 541 ad
803 488 1000 563 argumenta
1022 479 1136 541 alterius
1153 499 1184 540 u

243 585 392 668 pinionis.

310 693 369 754 Ad
385 691 533 774 primum
556 692 631 755 dico
653 694 744 774 quod
769 713 835 755 non
859 692 1006 776 implicat
1028 693 1186 756 contradic-

243 799 385 874 tionem;
410 807 442 861 et
465 819 542 861 cum
566 799 686 881 probas
710 801 800 881 quod
824 808 907 862 esset
930 800 963 863 in
986 809 1060 862 actu
1081 810 1111 862 et
1130 821 1186 861 non

247 907 279 968 in
302 915 389 979 actu,
413 906 485 970 dico
507 907 598 988 quod
621 907 707 969 sicut
735 915 783 968 est
806 907 930 989 duplex
962 908 1101 989 potentia
1121 907 1188 968 scili-

244 1021 296 1076 cet
330 1013 492 1094 objectiva
515 1022 549 1075 et
572 1013 761 1094 subjectiva,
797 1015 842 1077 ita
865 1023 914 1077 est
948 1016 1070 1096 duplex
1101 1022 1187 1075 actus.

246 1119 342 1188 Unus
364 1119 421 1200 qui
447 1107 633 1202 oppunitur
656 1121 812 1202 potentiae
847 1121 1046 1203 subjectivae,
1069 1129 1099 1184 et
1126 1119 1189 1181 dici·

244 1234 297 1288 tur
331 1235 425 1290 actus
448 1225 609 1306 formalis;
644 1237 678 1290 et
700 1227 783 1291 alius
806 1229 862 1310 qui
896 1229 1073 1311 opponitur
1094 1237 1189 1310 poten-

245 1334 300 1396 tiae
324 1332 505 1414 objectivae,
529 1342 562 1395 et
584 1333 701 1396 dicitur
724 1343 816 1397 actus
839 1335 1038 1398 entitativus.
1072 1333 1189 1398 Materia

246 1450 356 1502 autem
380 1448 428 1502 est
452 1439 483 1502 in
507 1449 582 1502 actu
606 1449 638 1502 et
654 1461 721 1504 non
744 1441 776 1503 in
800 1451 885 1516 actu,
911 1443 967 1504 sed
992 1463 1058 1504 non
1081 1440 1190 1505 contra·
1273 1497 1274 1508 ,

246 1546 389 1619 dictorie,
413 1545 490 1626 quia
512 1555 561 1609 est
584 1547 617 1609 in
640 1556 716 1610 actu
740 1547 909 1611 entitativo
932 1558 966 1611 et
989 1569 1056 1611 non
1078 1549 1108 1610 in
1128 1555 1190 1609 actu
1273 1603 1274 1606 ,

248 1652 385 1715 formali.

313 1760 372 1821 Ad
391 1759 568 1822 secundum
603 1761 683 1823 dico-
702 1761 811 1842 primo
834 1763 925 1844 quod
956 1762 1009 1825 illa
1035 1760 1192 1823 similitudo

247 1875 296 1929 est
319 1886 394 1928 vera
426 1876 587 1948 quantum
611 1868 653 1930 ad
688 1869 996 1944 terminabilitatem,
1022 1870 1098 1951 quia
1125 1868 1193 1930 sicut

248 1971 354 2055 figura
389 1972 542 2035 terminat
564 1994 684 2056 corpus
718 1976 907 2050 extrinsece,
933 1975 978 2037 ita
1013 1973 1116 2038 forma
1145 1982 1193 2034 ter·

249 2079 352 2141 minat
376 2079 546 2142 materiam
570 2081 757 2159 intrinsece;
782 2084 839 2144 sed
862 2103 928 2145 non
944 2092 994 2145 est
1017 2104 1093 2145 vera
1110 2100 1199 2163 quan·¹

248 2196 320 2248 tum
336 2186 379 2248 ad
395 2186 712 2268 inseparabilitatem.
729 2225 773 2236 —
788 2189 898 2252 Aliter
920 2197 1029 2271 potest
1044 2189 1104 2251 dici
1119 2185 1193 2269 quod

250 2294 341 2356 Deus
365 2301 472 2374 potest
495 2293 600 2357 facere
623 2316 742 2376 corpus
766 2295 833 2358 sine
856 2294 971 2378 figura.
997 2297 1136 2358 Etcum
1159 2291 1194 2354 di·

249 2399 294 2461 cit
317 2400 407 2480 quod
431 2409 510 2463 tunc
541 2399 632 2464 fieret
654 2401 819 2465 infinitum
842 2403 874 2465 in
898 2412 985 2477 actu,
1019 2424 1107 2486 nega,
1132 2399 1194 2482 quia
1274 2445 1275 2458 r

250 2507 401 2586 quamvis
424 2527 544 2589 corpus
560 2529 626 2573 non
649 2509 840 2571 terminetur
856 2509 997 2572 termino
1020 2509 1194 2579 extrinseca
1274 2503 1275 2572 Ῡ

249 2613 437 2675 terminaret
459 2623 570 2677 tamen
593 2615 733 2678 termino
756 2616 937 2679 intrinseca
1117 2685 1122 2695 ¹

317 2721 376 2782 Ad
397 2721 539 2793 tertium,
567 2731 616 2784 est
639 2723 793 2785 instantia
816 2722 856 2785 de
879 2723 989 2785 anima
1020 2721 1195 2785 intellectiva

251 2847 326 2906 quae
362 2847 428 2889 non
452 2837 559 2909 potest
590 2830 730 2910 separari
754 2850 773 2891 a
796 2850 941 2911 corpore,
966 2830 1045 2911 quia
1075 2849 1145 2892 cum
1164 2825 1196 2887 sit

252 2953 309 3014 per
332 2954 366 2996 se
389 2933 494 2997 forma
517 2937 671 3017 corporis
695 2937 801 2999 verius
824 2935 900 2999 facit
923 2956 1028 2999 unum
1052 2957 1125 3006 eum
1139 2952 1194 2995 cor·

252 3060 332 3120 pore
355 3061 455 3123 quam
490 3042 674 3123 subjectum
699 3064 775 3105 eum
800 3043 930 3125 propria
965 3043 1121 3125 passione.
1143 3037 1194 3102 Sed

253 3156 361 3227 potest
384 3148 475 3211 aliter
499 3151 685 3230 responderi
710 3150 800 3232 quod
816 3171 880 3213 esse
902 3149 1015 3233 magis
1038 3169 1134 3212 arnum
1149 3165 1195 3227 po-

252 3262 316 3316 test
339 3254 473 3336 intelligi
497 3257 677 3337 dupliciter,
702 3258 753 3320 vel
766 3266 926 3339 quantum
950 3258 993 3319 ad
1017 3266 1121 3340 partes
1142 3250 1195 3314 uni·

253 3370 303 3424 tas
319 3361 369 3423 vel
393 3371 554 3444 quantum
578 3363 620 3425 ad
645 3364 782 3425 modurn
799 3364 927 3426 unionis
951 3372 1031 3444 puta
1055 3368 1194 3444 quantum

255 3469 296 3529 ad
310 3469 581 3549 separabilitatem
598 3470 648 3532 vel
663 3470 978 3552 inseparabilitatem.
993 3470 1101 3532 Primo
1112 3462 1194 3528 modo

255 3575 389 3636 materia
412 3585 444 3637 et
468 3575 573 3637 forma
597 3575 718 3638 faciunt
743 3577 847 3658 magis
871 3596 984 3651 unum,
1010 3577 1066 3638 sed
1089 3587 1195 3636 nonse-

255 3680 364 3740 cundo
388 3681 498 3740 modo,
