2634 4267
236 232 298 300 170
504 216 578 278 Lm.
602 216 633 278 11
657 215 951 284 santumnium

208 421 321 500 tionis;
345 399 514 504 ergo'non
538 423 645 504 potuit
669 443 734 487 non
759 444 902 506 peccare.
928 425 1083 487 Probatio
1107 446 1179 488 con-

207 530 389 611 sequentia,
410 529 565 610 quianon
578 519 724 611 potentia
739 532 944 612 praecedente
959 539 1073 593 actum
1096 552 1177 594 cum

210 656 275 699 non
299 637 472 718 praecedat‚
497 656 556 700 nec
579 637 727 719 potentia
738 637 965 720 subsequente,
983 638 1066 700 sicut
1083 647 1177 720 patet

208 763 267 824 per
301 763 345 822 se,
379 763 439 806 nec
469 742 568 805 etiam
599 743 745 824 potentia
776 744 872 806 simul
904 744 1064 807 existente
1097 765 1176 807 cum

210 859 296 924 actu,
320 870 364 912 ex
386 869 454 931 quo
478 858 645 930 ponuntur
668 859 761 912 actus
785 850 818 912 in
842 871 920 915 esse.
946 887 989 897 —
1013 852 1068 913 Isti
1085 851 1175 914 idem

209 965 352 1038 arguunt
375 956 433 1018 sic:
459 956 490 1017 in
514 955 631 1038 angelo
648 965 815 1037 ponuntur
840 956 971 1019 habitus
994 944 1191 1021 scientiales¹

210 1063 359 1126 omnium
383 1061 613 1143 quidditatum.
639 1063 747 1145 Supra
771 1062 832 1126 hos
856 1063 988 1127 habitus
1010 1065 1100 1146 prius
1116 1063 1174 1126 ler-

90 1229 97 1238 .
209 1180 262 1233 tur
285 1168 464 1231 intellectus
487 1169 714 1251 speculativos,
741 1170 858 1232 deinde
883 1170 1055 1252 practicus
1076 1171 1174 1233 tertio

210 1276 445 1357 complacentia
468 1276 631 1351 naturalis,
655 1286 775 1359 quarto
799 1277 1037 1358 complacentia
1052 1277 1175 1340 delibe-

210 1383 312 1446 rativa
335 1383 367 1444 in
390 1403 456 1464 qua
479 1383 624 1445 consistit
648 1392 840 1464 peccatum;
858 1384 914 1445 sed
938 1383 992 1445 illa
1007 1404 1073 1445 non
1097 1404 1174 1464 pos·

209 1498 285 1552 sunt
307 1509 376 1551 esse
399 1489 431 1550 in
454 1490 571 1551 eodem
588 1490 722 1571 instanti
734 1511 741 1566 ;
763 1510 853 1572 ergo,
877 1526 922 1536 —
945 1489 1013 1552 Alii
1030 1499 1175 1571 arguunt

209 1597 270 1658 sic:
295 1597 370 1658 duae
383 1595 579 1658 mutationes
591 1616 733 1678 quarum
746 1597 875 1658 termini
903 1597 999 1658 unius
1014 1596 1062 1658 ad
1078 1580 1174 1677 quem

203 1711 271 1777 est,
296 1701 456 1763 terminus
480 1702 609 1764 alterius
632 1723 653 1764 a
675 1703 746 1784 quo,
782 1723 847 1764 non
880 1712 1017 1784 possunt
1047 1724 1116 1766 esse
1139 1704 1175 1767 in

208 1809 324 1871 eodem
348 1808 495 1869 instanti:
520 1808 577 1870 sed
600 1809 720 1871 creatio
736 1809 844 1891 angeli
860 1818 892 1871 et
908 1818 1080 1891 peccatum
1097 1820 1177 1873 sunt

212 1914 399 1995 hujusmodi
408 1933 418 1993 3
442 1935 529 1998 ergo,

275 2018 365 2088 Alia
388 2022 444 2087 est
464 2018 593 2105 Opme'o
617 2016 725 2107 Scott',
759 2031 791 2084 et
825 2031 874 2084 est
904 2022 946 2083 ad
971 2023 1174 2105 oppositum.

210 2129 312 2208 Cujus
335 2128 416 2189 ratio
447 2136 495 2190 est
517 2127 594 2190 ista:
631 2129 776 2209 potentia
807 2149 882 2209 quae
915 2137 1023 2209 potest
1052 2129 1175 2193 habere

209 2235 431 2316 operationem
455 2233 641 2315 perfectam,
666 2243 699 2297 et
723 2256 788 2297 non
812 2235 968 2296 limitatur
992 2236 1033 2297 ad
1057 2257 1175 2317 opera-

209 2342 331 2404 tionem
357 2349 488 2414 rectam,
502 2350 610 2422 potest
626 2341 657 2403 in
679 2341 795 2403 eodem
812 2340 943 2403 instanti
961 2341 1079 2404 habere
1095 2363 1177 2424 ope-

209 2448 367 2510 rationem
386 2467 450 2508 non
467 2457 606 2523 rectam;
631 2448 687 2510 sed
704 2439 853 2510 voluntas
869 2449 976 2530 angeli
1000 2458 1049 2511 est
1062 2448 1176 2529 hujus-

210 2554 300 2616 modi
310 2575 317 2629 ;
334 2575 423 2635 erg0.
448 2591 492 2600 -
508 2554 674 2617 Aureolus
689 2564 799 2616 autem
816 2555 947 2617 deducit
971 2555 1059 2617 illam
1080 2556 1177 2618 ratio

210 2681 285 2726 nem
309 2661 399 2722 aliter
422 2670 454 2722 et
477 2661 569 2734 bene,
594 2662 656 2737 sic:
682 2662 832 2723 voluntas
856 2661 887 2724 in
912 2683 1111 2744 quocunque
1126 2663 1176 2725 in-

209 2768 305 2829 stanti
330 2776 437 2847 potest
461 2766 579 2830 habere
603 2777 713 2848 actum
747 2769 895 2842 liberum,
920 2769 952 2830 in
977 2769 1031 2831 illo
1066 2778 1176 2850 potest

209 2893 361 2955 peccare;
379 2874 435 2934 sed
460 2873 491 2934 in
505 2874 636 2935 instanti
649 2895 717 2936 suae
743 2875 912 2937 creationis
928 2875 1080 2937 voluntas
1104 2875 1176 2938 An·

210 2979 273 3061 geli
296 2980 404 3060 potuit
421 2979 540 3042 habere
563 2989 673 3042 actum
690 2982 833 3043 elicitum
856 2982 966 3056 libere;
984 3003 1073 3064 ergo.
1099 2983 1176 3044 Pro

209 3086 298 3149 batio
321 3086 468 3161 minoris,
493 3096 599 3168 potest
623 3088 709 3148 enim
735 3087 854 3150 habere
876 3097 997 3162 actum,
1024 3089 1100 3170 quia
1130 3087 1175 3150 el·

210 3192 312 3255 sectus
335 3201 443 3274 potest
466 3213 534 3254 esse
557 3215 690 3256 coaevus
713 3215 781 3255 suae
806 3215 923 3258 causae.
948 3195 1032 3256 Item
1061 3204 1172 3256 actum

210 3299 352 3361 elicitum
376 3299 458 3361 sicut
486 3301 616 3381 agentia
648 3301 814 3375 naturalia,
846 3301 922 3383 quia
953 3301 1083 3364 libertas
1106 3321 1172 3363 non

210 3404 313 3468 aufert
337 3407 491 3487 potentiae
516 3406 758 3488 perfectionem.
785 3409 846 3470 Est
869 3408 967 3469 etiam
999 3416 1091 3470 actus
1121 3407 1171 3470 ille

210 3513 297 3586 liber,
322 3533 398 3575 cum
423 3513 462 3575 sit
487 3535 505 3575 a
529 3535 626 3576 causa
653 3514 761 3576 libera.
926 3505 930 3512 ⁴

281 3615 403 3684 Tertia
426 3621 484 3684 est
495 3617 625 3702 Opinio
640 3617 753 3687 Petri
767 3620 921 3693 mediam,
939 3629 972 3683 et
984 3621 1062 3684 dicit
1082 3619 1168 3702 quod
