2634 4267
266 255 331 334 336
512 254 589 317 Lm.
614 254 644 317 ΙΙ
669 254 964 317 Ssu'rannnnun

308 460 470 526 Prima
496 460 649 544 opinio
672 459 750 522 dicit
773 460 863 542 quod
887 459 1068 522 intellectus
1088 468 1117 522 et
1142 480 1197 521 vo'

243 568 351 629 luntas
373 577 408 630 et
431 587 545 629 omnes
577 576 685 648 partes
708 566 859 648 imaginis
894 576 971 628 sunt
995 567 1123 648 aequalis
1141 588 1193 629 no·

241 673 383 747 bilitatis‚
407 674 500 754 quod
523 673 683 754 probatur
705 672 887 754 tripliciter:

308 780 425 843 Primo
447 780 510 842 sic:
535 779 689 842 nobilitas
705 779 925 860 potentiarum
950 790 1000 842 est
1023 780 1195 861 accipienda

242 908 301 969 per
323 886 602 967 comparationem
619 886 662 947 ad
686 885 828 967 primum
853 886 1021 966 objectum
1047 888 1193 968 primitate

243 992 465 1076 perfectionis:
490 993 547 1054 sed
570 992 714 1074 primum
750 992 917 1073 objectum
955 992 1073 1055 harum
1096 1002 1194 1075 poten-

243 1101 361 1163 tiarum
385 1108 434 1161 est
457 1099 567 1162 divina
591 1099 740 1172 essentia,
769 1108 801 1161 et
836 1100 906 1180 ipsa
938 1100 1049 1162 divina
1071 1100 1195 1162 essentia

244 1228 309 1269 non
333 1215 382 1268 est
405 1206 543 1268 nobilior
566 1206 687 1287 seipsa;
712 1227 791 1287 ergo
816 1227 880 1268 una
904 1208 1051 1287 potentia
1074 1215 1196 1269 nonest

244 1312 382 1376 nobilior
406 1313 478 1375 alia.

211 1440 215 1447 ·
312 1420 458 1483 Secunde
481 1420 543 1481 sic:
567 1420 593 1481 si
616 1418 797 1481 intellectus
819 1428 904 1481 esset
928 1420 1067 1482 nobilior
1092 1420 1195 1481 volun-

243 1536 311 1590 tate
326 1527 376 1589 vel
392 1546 594 1598 econverso
615 1526 762 1608 sequitur
775 1526 864 1607 quod
880 1527 931 1587 vel
956 1526 1094 1607 Spiritus
1110 1526 1197 1589 Sanc-

243 1643 297 1696 tus
320 1643 403 1696 esset
426 1633 564 1695 nobilior
588 1632 683 1708 Filio,
714 1642 772 1694 aut
795 1633 885 1713 quod
921 1632 1023 1694 Filius
1046 1642 1124 1694 esset
1144 1651 1196 1693 no·

244 1741 338 1803 bilior
362 1740 484 1821 Spiritu
510 1739 649 1817 Sanct03
674 1760 864 1821 consequens
894 1748 944 1801 est
966 1738 1100 1818 salsum3
1125 1758 1198 1819 ergo

244 1856 277 1910 et
300 1848 495 1909 antecedens.
520 1846 675 1908 Probatio
698 1846 937 1927 consequentiae,
963 1846 1040 1927 quia
1071 1845 1199 1907 nobilius

245 1954 440 2036 principium
466 1953 575 2035 arguit
598 1952 738 2015 nobilius
761 1953 970 2034 productum.
1000 1954 1002 1963 ’

318 2061 423 2123 Tertio
446 2061 509 2121 sic:
534 2069 738 2145 supponatur
762 2060 852 2141 quod
876 2060 1032 2140 potentiae
1058 2080 1121 2121 non
1142 2059 1200 2120 sint

244 2168 332 2230 idem
357 2167 481 2229 realiter
515 2186 591 2227 cum
615 2166 753 2229 essentia
787 2166 915 2239 animae,
940 2176 972 2228 et
997 2187 1063 2228 non
1087 2167 1199 2228 addant

248 2275 307 2337 nisi
332 2283 534 2355 respectum;
569 2273 626 2334 sed
650 2293 735 2334 unus
758 2282 922 2354 respectus
956 2294 1023 2335 non
1047 2283 1096 2335 est
1118 2272 1199 2334 nobi-

246 2382 304 2443 lior
328 2381 409 2456 alio;
434 2401 522 2462 ergo
547 2380 700 2442 Probatio
724 2380 871 2454 eninerr's,
896 2380 973 2461 quia
995 2389 1055 2442 aut
1079 2401 1141 2442 una
1161 2399 1199 2440 re·

246 2488 323 2550 latio
346 2496 429 2548 esset
453 2486 588 2548 nobilior
612 2486 683 2559 alia,
698 2487 822 2548 ratione
833 2486 980 2566 ⁸termini,
1006 2496 1066 2549 aut
1088 2486 1202 2559 ratione

237 2594 466 2677 frendaenenti.
502 2593 578 2655 Non
603 2593 710 2675 primo
748 2594 857 2667 mod0,
882 2593 959 2674 quia
993 2602 1075 2655 tunc
1099 2593 1200 2655 relatio

246 2701 401 2783 potentiae
425 2699 562 2781 passivae
588 2698 687 2761 habet
710 2720 770 2781 pro
793 2700 932 2761 termino
963 2701 1137 2775 actionem,
1161 2720 1200 2761 re-

246 2807 322 2869 latio
353 2816 464 2868 autem
487 2806 642 2895 potentiae
677 2807 793 2868 activae
818 2806 951 2869 haberet
985 2828 1046 2887 pro
1072 2807 1202 2870 termino

245 2914 444 2996 passionem,
469 2913 525 2973 sed
560 2923 651 2975 actus
668 2921 716 2975 est
739 2912 876 2975 nobilior
900 2913 1059 2995 passione.
1078 2915 1148 2976 Nec
1162 2934 1204 2975 se-

246 3015 356 3083 cundo
393 3020 502 3092 modo,
527 3020 604 3099 quia
638 3040 714 3081 cum
740 3020 909 3082 relationes
944 3019 1090 3083 habeant
1125 3022 1203 3082 idem

246 3127 508 3199 fundamentum,
533 3146 598 3187 una
629 3147 695 3188 non
719 3134 767 3188 est
791 3126 928 3188 nobilior
962 3127 1063 3187 altera
1088 3128 1205 3189 ratione

246 3233 459 3295 fundamenti.
801 3301 802 3305 Ἰ

317 3335 454 3406 Contra
490 3336 606 3405 istene
640 3336 869 3423 opene‘onene,
906 3348 995 3419 patet
1031 3360 1090 3420 per
1124 3340 1206 3401 dicta

193 3490 196 3495 -
246 3446 453 3520 Sanctorum,
478 3445 597 3506 scilicet
621 3446 777 3507 Bernardi
801 3446 836 3507 in
861 3446 915 3508 lib.
941 3447 980 3507 de
1003 3446 1105 3509 libere
1128 3445 1204 3507 arbi-

246 3554 319 3624 trie,
347 3552 497 3613 Anselmi
522 3552 553 3612 in
577 3551 616 3612 de
638 3563 785 3633 conceptae
803 3553 978 3635 virginali,
1004 3562 1037 3613 et
1063 3575 1121 3635 per
1137 3552 1204 3614 Phi·
1244 3544 1246 3553 ’

245 3657 420 3736 losophum
434 3677 465 3737 9.
478 3656 625 3736 Metnple.
639 3667 672 3718 et
683 3679 740 3738 per
754 3659 1059 3722 Commentatorem
1075 3661 1199 3729 ibidem,
