2634 4267
221 239 280 303 17²
434 225 508 287 Lus.
534 225 563 287 ΙΙ
588 225 885 288 Snnsnnninnun

194 429 264 510 ligit
287 429 328 491 de
347 429 472 510 justitia
494 429 608 503 infusa,
632 439 665 492 et
688 439 767 493 tunc
791 450 978 492 sarracenus
1010 450 1068 491 non
1095 428 1161 490 ha-

195 535 275 597 bens
295 537 454 616 justitiam
474 535 613 599 infusam
638 557 703 600 non
728 546 835 619 potest
856 557 1006 618 peccare3
1029 546 1079 598 aut
1106 536 1160 598 in-

194 642 347 724 telligitur
364 643 405 704 de
418 643 541 723 justitia
556 644 723 728 acquisita,
741 652 773 706 et
797 643 860 706 hoc
876 664 943 706 non
968 645 1058 717 valet,
1073 643 1158 724 quia

191 749 315 829 justitia
338 750 495 831 acquisita
518 759 626 831 potest
649 751 789 812 ammitti
803 751 913 812 multis
929 752 1051 813 actibus
1072 749 1158 830 inju-

195 865 243 918 ste
266 856 393 933 elicitis;
417 877 497 938 ergo
520 866 650 938 oportet
670 857 760 939 quod
784 856 943 938 intelligat
961 858 1002 919 de
1023 856 1156 938 justitia,

195 963 278 1024 idest
300 963 341 1024 de
377 963 522 1044 potentia
545 964 682 1026 naturali
717 963 895 1026 voluntatis
918 985 995 1045 quae
1019 973 1064 1026 est
1086 983 1158 1024 mo-

195 1069 339 1131 deratrix
361 1070 575 1132 inclinationis
598 1070 761 1143 naturalis,
798 1090 875 1150 quae
898 1079 946 1132 est
972 1080 1081 1132 contra
1101 1070 1157 1150 ju-

195 1176 315 1238 stitiam
339 1175 583 1239 infundendam.
609 1176 674 1240 Sed
691 1177 743 1238 illa
767 1177 899 1258 ponitur
916 1177 948 1238 in
973 1161 1101 1258 An'gelo
1120 1177 1157 1238 in
1219 1241 1222 1245 ,

196 1283 302 1364 primo
325 1283 456 1345 instanti
480 1284 676 1359 creationis;¹
692 1305 780 1365 ergo.

262 1389 321 1452 Ad
339 1390 497 1452 rationem
527 1391 558 1453 T
552 1388 655 1454 hoiuae
671 1390 744 1452 dico
767 1391 858 1472 quod
882 1391 965 1453 bene
988 1389 1092 1472 arguit
1114 1390 1158 1452 de

195 1496 323 1558 actibus
347 1498 532 1559 naturaliter
556 1497 668 1559 elicitis
691 1519 710 1558 a
734 1497 971 1579 potentialitate
996 1497 1091 1558 libera
1118 1497 1158 1558 si-

196 1612 252 1665 cut
275 1612 323 1666 est
346 1604 377 1666 in
401 1605 579 1687 proposito.
604 1604 711 1666 Aliter
732 1604 866 1666 solvitur
889 1613 922 1666 et
947 1604 1061 1666 melius
1083 1603 1156 1666 Lib.

197 1731 227 1774 1.
252 1711 327 1774 dist.
353 1709 408 1772 18.

263 1817 322 1879 Ad
341 1817 445 1879 aliam
469 1817 542 1879 dico
577 1817 667 1898 quod
691 1837 788 1879 causa
822 1837 889 1879 non
912 1837 1041 1899 semper
1072 1817 1162 1898 prior

125 1925 133 1940 ‘
197 1933 245 1986 est
268 1923 382 1985 effectu
407 1924 587 1996 duratione,
616 1924 693 2005 quia
716 1923 891 2005 aliquando
922 1932 970 1986 est
994 1922 1080 2005 prior
1105 1944 1164 1984 na-

198 2041 282 2094 tura.
310 2031 395 2094 Cum
419 2051 498 2112 ergo
521 2031 639 2112 arguis,
665 2031 690 2092 si
714 2031 821 2111 potuit
855 2030 991 2112 angelus
1015 2050 1162 2112 peccare,

197 2147 254 2200 aut
277 2138 423 2220 potentia
443 2137 648 2218 praecedente
671 2127 806 2199 actum?
830 2137 903 2199 dico
928 2137 1018 2218 quod
1042 2157 1164 2218 praece-

198 2245 294 2306 dente
317 2254 428 2306 actum
453 2253 574 2305 natura
598 2265 663 2306 non
687 2243 867 2306 duratione.

264 2350 323 2412 Ad
342 2350 447 2412 aliam
463 2351 504 2412 de
527 2350 639 2417 habitu
657 2350 820 2424 scientiali,
839 2349 890 2411 ille
914 2348 1046 2412 habitus
1062 2349 1163 2411 scien-

198 2459 281 2521 tialis
304 2467 353 2519 est
376 2457 579 2538 improbatus
603 2478 701 2538 supra
724 2457 755 2518 in
780 2455 1033 2538 quaestionibus;
1050 2465 1162 2518 tamen

199 2565 272 2627 dico
295 2585 356 2645 pro
379 2584 475 2637 nunc,
501 2564 593 2644 quod
617 2563 724 2626 omnis
758 2563 921 2644 quidditas
944 2583 1022 2644 quae
1046 2583 1163 2644 reprae-

199 2680 343 2735 sentatur
367 2670 540 2732 intellectui
565 2669 712 2751 angelico
748 2677 854 2751 potest
877 2669 937 2731 sibi
972 2651 1161 2750 praesentari

195 2774 267 2840 'sine
302 2777 424 2850 habitu,
449 2784 482 2838 et
505 2777 595 2839 omni
631 2776 822 2858 syllogismo
847 2775 991 2856 practico
1026 2776 1161 2838 circum-

200 2885 319 2965 scripto
343 2892 451 2964 potest
474 2885 624 2945 voluntas
648 2883 767 2945 habere
786 2890 895 2944 actum
920 2882 1159 2956 deordinatum,

199 2993 292 3054 etsie
316 3011 459 3072 peccare.
477 3028 521 3036 —-
536 2990 595 3052 Ad
606 2989 780 3052 secundam
797 2989 956 3052 rationem
974 2990 1047 3051 dico
1071 2989 1159 3070 quod

200 3100 307 3181 incisor
328 3107 376 3159 est
400 3095 488 3171 falsa,
512 3097 589 3178 quia
609 3099 685 3159 luna
708 3097 824 3160 eodem
848 3096 980 3159 instanti
1004 3096 1160 3158 illumina·

200 3180 295 3266 tura
319 3204 385 3266 sole
408 3213 440 3265 et
464 3204 623 3265 illuminat
655 3202 922 3284 hemisphaerium
946 3211 1105 3277 nostrum,
1128 3212 1159 3266 et

201 3322 310 3375 tamen
335 3320 410 3373 sunt
434 3311 568 3372 diversae
594 3311 799 3372 mutationes.

275 3524 499 3609 (laceratum
535 3524 600 3588 ad
630 3523 808 3588 tertium
844 3521 1096 3587 Articulum
1121 3523 1159 3585 de

201 3630 286 3693 facto
311 3631 384 3692 dico
408 3631 497 3710 quod
522 3631 626 3692 malus
650 3630 784 3711 angelus
808 3651 874 3692 non
899 3628 960 3692 fuit
991 3630 1095 3691 malus
1119 3631 1157 3692 ab
