2634 4267
256 250 317 327 328
520 246 651 311 L1u.11
680 244 977 309 Suuuuuumuun

298 453 357 515 Ad
374 452 562 523 secundum,
590 472 656 513 uno
681 448 781 512 modo
803 457 912 531 potest
936 448 1047 531 negari
1077 456 1191 509 antece·
1280 477 1282 483 ,

231 561 311 623 dens
333 560 415 622 sicut
437 559 563 621 dicetur
592 556 684 620 infra.
711 556 791 619 Alio
818 556 921 617 modo
955 561 1063 635 potest
1085 551 1190 634 negari
1282 588 1294 624 ,κ

232 686 433 748 consequens,
460 665 537 747 quia
567 685 633 727 non
657 664 840 728 secundum
875 663 1015 724 eandem
1039 660 1192 723 rationem
1282 703 1287 734 ,

233 794 277 836 ex
300 782 393 856 parte
415 772 533 854 objecti
556 773 681 834 bonnm
703 770 834 833 finitum
859 778 891 831 et
915 767 1078 831 infinitum
1102 765 1194 847 respi-

230 880 321 942 ciunt
344 880 557 942 voluntatem.

299 987 358 1049 Ad
378 987 510 1048 tertium
526 986 567 1048 de
592 986 756 1048 Anseimo
772 984 845 1046 dico
861 981 953 1064 quod
978 980 1014 1062 ly
1024 992 1114 1062 posse
1129 990 1195 1061 pec·
1293 1006 1294 1013 ¹

235 1114 309 1156 care
331 1101 439 1175 potest
470 1092 571 1173 accipi
606 1092 657 1154 vel
681 1112 742 1172 pro
765 1111 805 1153 eo
839 1089 931 1171 quod
955 1108 1014 1169 per
1045 1109 1077 1149 se
1099 1086 1194 1169 signi·

235 1199 321 1273 fucat,
353 1209 386 1261 et
409 1200 454 1261 sic
477 1199 554 1261 dicit
585 1207 769 1280 respectum
794 1196 971 1259 adactum
1007 1194 1193 1265 deformem,

237 1316 271 1369 et
294 1327 359 1368 non
383 1316 432 1369 est
455 1306 583 1368 libertas
606 1325 666 1367 nec
689 1326 764 1386 pars
787 1303 952 1366 libertatis
988 1302 1067 1365 Alio
1097 1302 1194 1362 modo
1291 1382 1292 1385 Ἴ

237 1421 345 1494 potest
375 1414 477 1495 accipi
512 1434 572 1495 pro
596 1412 749 1493 eoquod
784 1410 975 1473 denominat
1008 1409 1193 1491 proximum
1291 1444 1292 1449 κ

236 1518 487 1587 fundamentum
510 1519 687 1582 elicitivum
711 1527 813 1591 actm,
837 1526 870 1579 et
893 1517 939 1579 sic
962 1525 1013 1578 est
1035 1515 1169 1578 libertae

601 1723 777 1805 Quusuuo
801 1723 831 1786 ΙΙ

302 1885 450 1947 Seczmdo
472 1884 634 1967 queritur
655 1885 693 1947 de
716 1884 857 1947 secunda
885 1893 983 1965 parte
1007 1880 1190 1945 Distinctio-

237 1993 300 2065 nis,
327 1993 450 2054 scilicet
461 1993 499 2053 de
523 1992 640 2055 notitia
651 2013 751 2073 quam
775 1992 887 2053 Adam
912 1991 951 2052 de
974 1990 1043 2052 Deo
1071 1988 1186 2051 habuit.

289 2150 396 2205 Utrum
414 2149 505 2204 iidem
524 2149 554 2203 iu
572 2152 652 2204 stetu
671 2149 839 2204 inuoeeutiae
857 2147 951 2204 uiator
959 2148 1086 2203 existens
1104 2149 1191 2215 potue-

233 2240 273 2293 rit
291 2239 396 2294 hebere
414 2240 641 2307 perpotentiam
668 2239 794 2293 divinem
819 2238 953 2293 notitiam
981 2237 1147 2291 iutuitiuum
1161 2235 1190 2289 ie

234 2328 330 2383 diviua
348 2329 480 2383 essentia.

302 2474 364 2536 Hic
387 2475 460 2535 dico
483 2474 631 2548 breviter,
655 2474 733 2555 quia
757 2473 877 2535 dehoc
902 2473 1050 2535 diffusius
1074 2473 1189 2535 dietum

235 2589 285 2643 est
309 2580 339 2642 in
363 2581 488 2643 Primo.
514 2581 598 2643 Dico
621 2581 712 2662 quod
735 2588 810 2642 sunt
834 2580 886 2642 hic
910 2581 985 2642 duae
1019 2579 1190 2661 opinionon.

308 2683 393 2754 Una
421 2683 581 2761 Thomce,
606 2708 681 2769 quae
694 2696 782 2749 tenet
798 2696 925 2768 partem
939 2686 1139 2768 negativam.
1156 2686 1195 2747 Et

238 2793 301 2855 hoc
324 2794 442 2875 probat
466 2794 653 2856 DuranduS.

301 2900 417 2962 Primo
440 2900 501 2962 sic:
534 2901 731 2982 impossibiie
762 2909 811 2962 est
833 2900 975 2981 aliquem
1011 2900 1111 2963 simul
1134 2919 1196 2962 esse

234 3006 267 3068 in
292 3007 344 3068 via
367 3017 399 3069 et
422 3007 454 3068 in
477 3008 634 3082 termin03
659 3008 717 3070 sed
741 3008 854 3069 Adam
879 3007 910 3068 in
935 3015 1020 3068 statu
1047 3008 1196 3070 innocen-

234 3112 290 3174 tiae
313 3123 381 3175 erat
405 3114 518 3186 viator,
543 3122 575 3175 et
598 3114 733 3195 quilibet
757 3114 862 3175 viator
896 3122 944 3174 est
967 3113 1000 3174 in
1025 3114 1097 3189 via;
1122 3134 1197 3194 ergo

234 3240 301 3281 non
318 3229 426 3300 potest
448 3240 517 3281 esse
533 3219 565 3281 in
588 3220 737 3282 termino.
756 3220 821 3284 Sed
845 3220 870 3281 si
889 3219 1025 3282 haberet
1050 3222 1195 3283 notitiam

234 3326 420 3389 intuitivam
445 3327 485 3387 de
508 3328 645 3389 essentia
669 3327 778 3389 divina
801 3335 884 3388 esset
908 3327 940 3388 in
964 3328 1118 3392 termino

305 3432 450 3495 Secmzdo
473 3433 534 3495 sic:
559 3434 642 3495 sicut
666 3455 699 3495 se
723 3434 821 3496 habet
845 3454 918 3515 spes
941 3434 984 3495 ad
1007 3434 1194 3507 tentionem,

233 3542 280 3602 ita
303 3540 406 3601 viator
430 3540 472 3601 ad
496 3540 644 3602 notitiam
669 3540 869 3616 intuitivatn3
895 3541 952 3603 sed
975 3562 1050 3621 spes
1074 3551 1109 3603 et
1134 3549 1196 3603 ten·
1256 3564 1267 3597 ο

233 3648 281 3709 tio
305 3667 370 3706 non
394 3668 427 3707 se
451 3646 713 3726 compatiuntur;
737 3668 815 3729 ergo
840 3668 900 3709 nec
923 3648 1028 3709 viator
1061 3668 1191 3710 manens
