2634 4267
373 258 561 334 Drsrrncr.
586 271 600 333 Ι
625 270 771 352 vasr.
796 272 829 335 V
1039 288 1080 353 45

130 500 251 558 agens
284 478 330 540 ita
353 478 487 540 effectus
517 478 559 539 ad
582 477 744 551 effectum,
767 487 801 540 et
823 478 907 540 actio
931 479 972 541 ad
1003 480 1113 542 actio-

133 606 230 661 nem;
248 585 306 647 sed
322 605 423 666 agens
440 584 666 647 secundarium
683 585 860 647 necessario
877 587 1114 667 praesupponit.

130 713 241 774 agens
268 692 478 774 primarium3
509 712 588 773 ergo
610 690 743 753 effectus
765 692 892 773 agentis
922 693 1103 756 secundarii

134 799 318 861 necessario
335 798 562 880 praesupponit
577 798 703 880 agentis
726 799 867 879 primarii
884 799 1045 874 effectum,
1069 812 1102 866 et

134 906 183 967 sic
207 906 434 987 praesupponit
458 906 636 979 materiam,
661 915 694 967 et
725 926 781 987 ρετ
805 927 1006 988 consequens
1037 929 1112 973 non,

134 1022 239 1075 creat.

206 1119 306 1181 Alius
332 1120 452 1181 Ductor
462 1119 581 1181 scilicet
597 1118 750 1200 AEgidius
761 1120 868 1201 arguit
876 1120 947 1182 'sict
965 1122 1101 1185 Nullum

136 1245 242 1307 agens
258 1235 402 1288 creatum
426 1234 474 1287 est
497 1236 588 1288 actus
612 1246 730 1307 purus;
746 1246 825 1307 ergo
849 1247 907 1289 nec
923 1227 992 1307 ejus
1008 1228 1110 1300 actio,

135 1334 232 1394 etsie
256 1328 340 1393 actio
356 1332 482 1413 agentis
505 1332 601 1394 creati
617 1341 667 1394 est
690 1353 765 1394 cum
789 1342 880 1394 motu
898 1342 930 1395 et
955 1335 1114 1397 mutatio-

136 1459 197 1515 ne;
230 1439 287 1500 sed
310 1459 409 1500 omne
440 1440 503 1500 tale
526 1459 626 1520 agens
657 1440 883 1520 praesupponit
914 1441 1101 1517 materiam;

135 1566 229 1627 ergo

204 1648 293 1719 Iste
315 1650 482 1718 ratebnes
506 1673 571 1714 non
595 1653 805 1725 concludunt,
833 1654 923 1734 quod
947 1663 1037 1735 patet
1054 1654 1110 1715 di·-

136 1760 315 1821 scurrendo
338 1780 395 1839 per
419 1780 481 1820 eas.

205 1865 325 1928 Prima
350 1866 435 1927 enim
461 1866 605 1928 consistit
628 1866 661 1928 in
685 1867 747 1928 hoc
771 1868 860 1948 quod
884 1889 953 1929 esse
984 1868 1112 1949 simpli--

136 1973 215 2035 citer
238 1981 287 2033 est
311 1972 462 2053 proprius
486 1972 617 2034 effectus
641 1973 713 2035 Dei.
738 1974 811 2036 Hoc
834 1974 961 2036 videtur
973 1974 1100 2049 falsum,

136 2080 213 2160 quia
237 2100 257 2139 a
280 2099 350 2160 quo
373 2078 518 2141 effective
541 2089 712 2160 generatur
736 2082 967 2161 compositum,
991 2082 1033 2143 ab
1061 2103 1110 2144 eo-

136 2195 184 2247 est
208 2186 355 2248 effective
377 2207 446 2247 esse
469 2187 657 2267 compositi;
683 2188 739 2249 sed
763 2189 982 2269 compositum
1007 2211 1112 2270 gene·-

137 2302 225 2354 ratur
250 2292 292 2354 ab
318 2293 428 2373 aliqua
451 2302 606 2366 creatura,
639 2294 697 2355 nisi
713 2295 845 2356 tollatur
876 2296 981 2357 omnis
1017 2297 1102 2359 actio

136 2409 311 2474 creaturae;
336 2420 425 2479 ergo,
450 2400 603 2461 Probatio
627 2401 772 2482 majoris,
796 2410 867 2462 tum
901 2423 957 2482 per
993 2402 1100 2464 Philo-

135 2506 279 2587 sophum
300 2524 343 2588 5.
368 2504 470 2586 Phys.
496 2507 661 2588 generatio
685 2516 733 2569 est
757 2509 798 2569 ad
822 2529 900 2581 csse,
937 2519 1007 2570 tum
1043 2530 1101 2590 per

136 2613 309 2686 rationem,
323 2612 399 2693 quia
412 2634 431 2673 a
443 2633 510 2693 quo
523 2622 694 2694 generatur
706 2615 926 2695 compositum
951 2637 1008 2696 per
1031 2616 1111 2696 ejus.

134 2720 281 2781 ationem
306 2729 355 2781 est
379 2718 485 2780 forma
508 2719 540 2781 in
565 2721 708 2794 materia,
733 2720 873 2783 formam
898 2732 1008 2783 autem
1031 2744 1110 2784 esse-

135 2826 167 2887 in
185 2826 322 2887 materia
340 2834 388 2887 est
404 2827 623 2907 compositum
641 2827 759 2890 habere
778 2849 856 2889 esse.
875 2866 918 2873 —
937 2830 1100 2891 Fereterea

135 2933 288 3013 probatio
313 2953 387 3013 quae
412 2933 582 2995 adducitur
606 2954 671 2995 non
695 2935 789 3007 valet,
814 2936 889 3016 quia
913 2945 969 2997 aut
986 2946 1099 3016 peccat

135 3060 192 3120 per
205 3038 568 3120 aequivocationem,aut
580 3040 679 3101 altera
692 3042 931 3121 praemissarum
949 3052 997 3103 est
1009 3043 1097 3118 falsa;

132 3146 305 3227 dupliciter
321 3132 408 3207 enlm
433 3155 539 3226 potest
562 3146 696 3229 intelligi
719 3168 850 3209 causam
876 3170 944 3210 esse
976 3150 1110 3212 univer--

134 3253 294 3326 saliorem,
319 3250 397 3331 quia
420 3252 468 3313 vel
487 3254 690 3333 perfectione,
715 3255 765 3316 vel
794 3256 1036 3334 praedieatione,
1065 3266 1099 3317 et

133 3359 277 3420 similiter
302 3356 435 3419 effectus
451 3368 557 3439 potest
581 3360 642 3421 dici
666 3362 876 3423 universalior
901 3362 1098 3443 perfectione

133 3465 182 3527 vel
206 3462 451 3546 praedicatione.
477 3466 510 3528 Si
534 3486 612 3547 ergo
636 3468 668 3528 in
692 3468 813 3549 majori
843 3469 999 3549 accipitur
1026 3471 1100 3531 uni-

134 3571 278 3634 formiter
303 3568 514 3633 universalius
537 3592 579 3633 ex
603 3582 694 3654 parte
717 3594 823 3635 causae
858 3584 891 3636 et
927 3596 969 3635 ex
1005 3586 1101 3656 parte

131 3679 273 3753 effectus
300 3677 448 3744 concedo
471 3679 623 3760 majorem
648 3679 848 3759 disjunctive,
874 3682 949 3761 quia
962 3681 1096 3743 effectus
