2634 4267
296 270 484 331 Drsrnrcr.
510 267 606 330 XVII
632 267 779 350 Qunsr.
804 268 853 330 lV
987 282 1052 348 279

105 473 168 536 ubi
194 483 304 536 nostra
327 473 494 536 translatio
518 471 616 535 habet
627 493 720 554 quem
725 473 937 554 formaverat
950 494 971 534 a
981 474 1076 554 prin-

103 579 206 660 cipio,
230 579 292 641 alia
314 579 480 642 translatio
504 578 619 641 habet:
643 579 692 641 ad
711 579 874 644 orientem.
889 579 933 640 Et
946 580 970 641 si
987 601 1076 661 quae·

105 696 204 748 ratur
227 686 269 747 de
291 685 361 768 ejus
385 685 563 759 latitudine,
587 685 704 748 dicitur
728 685 959 766 aquibusdam
983 688 1073 768 quod

104 801 161 855 est
184 793 246 854 sub
269 792 496 874 aequinoctiali,
522 812 581 854 nec
603 801 652 854 est
676 791 718 854 ibi
736 793 825 854 calor
842 792 1075 874 intemperatus

105 908 248 981 propter
270 900 417 961 velocem
442 908 570 961 motum
605 897 699 964 Solis.
736 899 861 961 Doctor
889 919 966 961 vero
991 899 1075 963 Sub-

105 1006 176 1068 tilis
200 1005 278 1067 dicit
293 1005 383 1086 quod
396 1015 444 1068 est
457 1005 536 1066 citra
548 1006 599 1067 vel
623 1005 707 1066 circa
720 1005 901 1070 zodiacum.
915 1039 959 1052 -
972 1005 1005 1069 Si
1022 1027 1076 1068 au-

105 1120 180 1174 tem
204 1133 333 1194 quaeras
357 1112 398 1174 de
420 1111 490 1193 ejus
524 1111 694 1174 altitudine
728 1109 843 1174 dicitur
874 1113 1076 1194 aMagistro

106 1219 204 1300 quod
227 1228 275 1281 est
296 1218 393 1300 juxta
417 1218 553 1300 globum
578 1218 735 1279 lunarem.
761 1218 878 1282 Scotus
896 1219 1074 1301 dicitquod

106 1334 161 1387 est
184 1326 310 1388 dictum
337 1324 614 1398 mathematicum,
638 1334 671 1386 et
695 1325 787 1406 ponit
810 1346 885 1387 eum
910 1325 993 1387 circa
1013 1347 1076 1388 me·

108 1432 205 1494 dium
230 1432 438 1494 interstitium
462 1431 542 1493 aeris
566 1431 675 1493 nostri.
702 1432 746 1494 Et
770 1452 826 1514 per
850 1431 912 1494 hoc
930 1443 1018 1514 patet
1034 1435 1075 1496 ad

107 1548 346 1621 argumentum
371 1537 545 1620 principale
568 1538 705 1620 qualiter
728 1549 777 1602 est
800 1539 1002 1601 solvendum.

473 1734 649 1816 Qunsno
673 1735 732 1799 IV.
761 1774 764 1780 -

430 1892 554 1988 Quarto
576 1895 757 1975 queritur:

165 2052 274 2109 Utrum
291 2051 322 2105 ln
340 2051 392 2106 lroo
409 2051 521 2106 homlno
539 2051 576 2106 su
594 2051 654 2106 alla
672 2053 765 2106 forma
789 2052 987 2108 substanttalls
1007 2069 1076 2122 prae·

110 2142 159 2197 ter
175 2141 305 2196 animam
322 2140 534 2196 lntellootlvam.

178 2285 320 2349 Videtur
343 2286 433 2367 quod
457 2305 532 2362 non;
549 2286 626 2368 quia
638 2286 855 2368 Philosophus
866 2306 898 2371 4.
917 2287 1073 2351 Metlzeor.

111 2393 190 2455 dicit
214 2393 305 2474 quod
328 2412 404 2455 caro
426 2413 501 2474 quae
526 2414 591 2455 non
616 2402 723 2474 potest
758 2393 862 2456 facere
899 2416 981 2477 opus
1012 2417 1077 2458 car-

112 2500 172 2575 nis,
196 2509 246 2562 est
269 2521 346 2561 caro
369 2499 554 2581 aequivoce,
578 2500 650 2561 talis
662 2510 711 2563 est
723 2522 798 2564 caro
823 2512 970 2578 mortua;
999 2523 1077 2584 ergo

111 2617 160 2670 est
182 2627 261 2669 caro
285 2606 463 2688 aequivoce.
485 2606 549 2670 Sed
573 2606 599 2668 si
628 2627 685 2688 per
709 2607 806 2669 aliam
830 2606 970 2670 formam
995 2617 1077 2670 esset

112 2735 188 2776 caro
208 2733 310 2794 quam
334 2733 390 2794 per
413 2712 557 2774 animam
581 2693 699 2788 vivam,
726 2723 833 2795 potest
857 2715 919 2776 dici
943 2736 1018 2778 caro
1041 2737 1077 2777 u-

112 2821 240 2883 nivoce.

180 2943 211 2990 2.
241 2926 411 2999 Praeterea,
435 2923 468 2988 8.
486 2925 633 3008 Metaplz.
655 2925 769 2989 formae
795 2948 828 2989 se
852 2927 973 2990 habent
996 2929 1078 2991 sicut

112 3031 258 3109 numeri;
283 3033 429 3095 seduno
457 3052 594 3095 numero
628 3034 741 3095 addito
776 3035 918 3096 variatur
954 3035 1074 3116 species

111 3138 241 3203 numeri
265 3138 495 3220 praecedentis;
520 3160 599 3221 ergo
622 3140 739 3201 eodem
776 3141 876 3202 modo
908 3141 939 3202 in
964 3140 1077 3203 formis

111 3244 389 3322 substantialibus,
413 3254 446 3306 et
468 3245 513 3307 sic
536 3245 637 3307 homo
661 3267 727 3308 non
743 3257 826 3309 esset
843 3268 945 3308 unum
962 3247 1076 3328 specie.

102 3335 120 3368 ⁴
186 3350 317 3416 Contra.
344 3350 793 3433 Commentator1.Plrys.:
829 3375 904 3436 quae
936 3365 1011 3416 sunt
1035 3355 1079 3414 in·

112 3468 161 3522 ter
185 3459 327 3541 primam
367 3458 536 3520 materiam
571 3468 603 3521 et
638 3459 786 3521 ultimam
826 3459 965 3522 sormam
1003 3469 1078 3521 sunt

64 3555 67 3563 ’
115 3565 259 3628 materiae
283 3564 475 3645 compositae
499 3574 531 3627 et
554 3564 669 3627 formae
697 3567 898 3648 compositae.

180 3673 409 3735 RESPONSIO:
445 3669 496 3732 hic
530 3680 606 3733 sunt
642 3681 783 3753 quatuor
817 3673 968 3734 Articuli.
1000 3673 1078 3735 Pri·
